%YAML 1.1
%TAG !u! tag:unity3d.com,2011:
--- !u!1 &1768635934627980
GameObject:
  m_ObjectHideFlags: 0
  m_CorrespondingSourceObject: {fileID: 0}
  m_PrefabInstance: {fileID: 0}
  m_PrefabAsset: {fileID: 0}
  serializedVersion: 6
  m_Component:
  - component: {fileID: 4334519857897926}
  - component: {fileID: 114089471896581898}
  - component: {fileID: 114733485510635404}
  - component: {fileID: 114155537044649398}
  - component: {fileID: 114409429846558094}
  - component: {fileID: 114670213630247748}
  - component: {fileID: 114565207017352926}
  - component: {fileID: 114270307976131438}
  - component: {fileID: 114050186986245286}
  - component: {fileID: 114486222064149436}
  - component: {fileID: 114578221708265424}
  - component: {fileID: 114564485705294188}
  - component: {fileID: 114506256702832584}
  - component: {fileID: 114680700480483074}
  - component: {fileID: 114526489947341296}
  - component: {fileID: 114891230141779410}
  - component: {fileID: 114209404343956456}
  - component: {fileID: 114043110243394892}
  - component: {fileID: 114812192498902148}
  - component: {fileID: 114670604944403258}
  - component: {fileID: 114545749469190866}
  - component: {fileID: 114148836438828288}
  - component: {fileID: 114365486601309146}
  - component: {fileID: 114194062428182710}
  - component: {fileID: 114944754959709528}
  - component: {fileID: 114589868992987400}
  - component: {fileID: 114097440478594354}
  - component: {fileID: 114254111148308194}
  - component: {fileID: 114606518131021566}
  - component: {fileID: 114959602467213224}
  - component: {fileID: 114839639449798254}
  - component: {fileID: 114481910156575494}
  - component: {fileID: 114064117883997616}
  - component: {fileID: 114500362839438938}
  - component: {fileID: 114164352298432700}
  - component: {fileID: 114742862032908474}
  - component: {fileID: 114960696870315318}
  m_Layer: 0
  m_Name: RoadblockTemplate
  m_TagString: Untagged
  m_Icon: {fileID: 0}
  m_NavMeshLayer: 0
  m_StaticEditorFlags: 0
  m_IsActive: 1
--- !u!4 &4334519857897926
Transform:
  m_ObjectHideFlags: 0
  m_CorrespondingSourceObject: {fileID: 0}
  m_PrefabInstance: {fileID: 0}
  m_PrefabAsset: {fileID: 0}
  m_GameObject: {fileID: 1768635934627980}
  m_LocalRotation: {x: -0, y: -0, z: -0, w: 1}
  m_LocalPosition: {x: 0, y: 0, z: 0}
  m_LocalScale: {x: 1, y: 1, z: 1}
  m_Children: []
  m_Father: {fileID: 0}
  m_RootOrder: 0
  m_LocalEulerAnglesHint: {x: 0, y: 0, z: 0}
--- !u!114 &114089471896581898
MonoBehaviour:
  m_ObjectHideFlags: 0
  m_CorrespondingSourceObject: {fileID: 0}
  m_PrefabInstance: {fileID: 0}
  m_PrefabAsset: {fileID: 0}
  m_GameObject: {fileID: 1768635934627980}
  m_Enabled: 1
  m_EditorHideFlags: 0
  m_Script: {fileID: 11500000, guid: 7a334fe2ffb574b3583ff3b18b4792d3, type: 3}
  m_Name: 
  m_EditorClassIdentifier: 
  m_Key: 114089471896581898_b9d7e5e5a2e7dcc46a8b15ef20919658
  m_Version: 1.0
  m_TemplateFlowchart: {fileID: 0}
  m_Description: 
  m_StepPause: 0
  m_PauseOnEnable: 0
  m_HideComponents: 1
  m_Logging: 0
  m_NodePosition: {x: 0, y: 0}
  m_Blocks:
  - {fileID: 114733485510635404}
  - {fileID: 114564485705294188}
  - {fileID: 114209404343956456}
  - {fileID: 114194062428182710}
  m_Variables:
  - {fileID: 114155537044649398}
  - {fileID: 114670213630247748}
  - {fileID: 114565207017352926}
  - {fileID: 114589868992987400}
  - {fileID: 114270307976131438}
  - {fileID: 114578221708265424}
--- !u!114 &114733485510635404
MonoBehaviour:
  m_ObjectHideFlags: 0
  m_CorrespondingSourceObject: {fileID: 0}
  m_PrefabInstance: {fileID: 0}
  m_PrefabAsset: {fileID: 0}
  m_GameObject: {fileID: 1768635934627980}
  m_Enabled: 1
  m_EditorHideFlags: 0
  m_Script: {fileID: 11500000, guid: 3d3d73aef2cfc4f51abf34ac00241f60, type: 3}
  m_Name: 
  m_EditorClassIdentifier: 
  m_Key: 114733485510635404_b9d7e5e5a2e7dcc46a8b15ef20919658
  m_ItemId: 0
  m_ParentFlowchartItem: {fileID: 0}
  m_TemplateBlock: {fileID: 0}
  m_NodePosition: {x: 100, y: 20}
  m_BlockName: TOGGLE ROADBLOCK
  m_Scope: 0
  m_Description: 
  m_Parameters: []
  m_ReturnTypeName: 
  m_EventHandler: {fileID: 114409429846558094}
  m_Commands:
  - {fileID: 114960696870315318}
  - {fileID: 114064117883997616}
  - {fileID: 114742862032908474}
  - {fileID: 114500362839438938}
  - {fileID: 114050186986245286}
  - {fileID: 114481910156575494}
  - {fileID: 114148836438828288}
  - {fileID: 114606518131021566}
  - {fileID: 114486222064149436}
  - {fileID: 114839639449798254}
  - {fileID: 114365486601309146}
  - {fileID: 114959602467213224}
--- !u!114 &114155537044649398
MonoBehaviour:
  m_ObjectHideFlags: 0
  m_CorrespondingSourceObject: {fileID: 0}
  m_PrefabInstance: {fileID: 0}
  m_PrefabAsset: {fileID: 0}
  m_GameObject: {fileID: 1768635934627980}
  m_Enabled: 1
  m_EditorHideFlags: 0
  m_Script: {fileID: 11500000, guid: b1941e052c0ed4280b25507cd2e6ad8f, type: 3}
  m_Name: 
  m_EditorClassIdentifier: 
  m_Key: 114155537044649398_b9d7e5e5a2e7dcc46a8b15ef20919658
  m_ItemId: -1
  m_ParentFlowchartItem: {fileID: 114409429846558094}
  m_TemplateVariable: {fileID: 0}
  m_VariableName: GameObject
  m_Scope: 1
  m_Localize: 0
  m_VariableIndex: 0
  m_Value: {fileID: 0}
--- !u!114 &114409429846558094
MonoBehaviour:
  m_ObjectHideFlags: 0
  m_CorrespondingSourceObject: {fileID: 0}
  m_PrefabInstance: {fileID: 0}
  m_PrefabAsset: {fileID: 0}
  m_GameObject: {fileID: 1768635934627980}
  m_Enabled: 1
  m_EditorHideFlags: 0
  m_Script: {fileID: 11500000, guid: 10eaeba5e91be479e95d4fa48679f549, type: 3}
  m_Name: 
  m_EditorClassIdentifier: 
  m_Key: 114409429846558094_b9d7e5e5a2e7dcc46a8b15ef20919658
  m_ItemId: 1
  m_ParentFlowchartItem: {fileID: 114733485510635404}
  m_Object:
    m_VariableDataType: 1
    m_Variable: {fileID: 114155537044649398}
    m_Command: {fileID: 0}
    m_Localize: 0
    m_DataVal: {fileID: 0}
--- !u!114 &114670213630247748
MonoBehaviour:
  m_ObjectHideFlags: 0
  m_CorrespondingSourceObject: {fileID: 0}
  m_PrefabInstance: {fileID: 0}
  m_PrefabAsset: {fileID: 0}
  m_GameObject: {fileID: 1768635934627980}
  m_Enabled: 1
  m_EditorHideFlags: 0
  m_Script: {fileID: 11500000, guid: 0f7b77a2e50895a4f9ddb15852e0e862, type: 3}
  m_Name: 
  m_EditorClassIdentifier: 
  m_Key: 114670213630247748_b9d7e5e5a2e7dcc46a8b15ef20919658
  m_ItemId: -1
  m_ParentFlowchartItem: {fileID: 114680700480483074}
  m_TemplateVariable: {fileID: 0}
  m_VariableName: SpriteRenderer
  m_Scope: 1
  m_Localize: 0
  m_VariableIndex: 1
  m_Value: {fileID: 0}
--- !u!114 &114565207017352926
MonoBehaviour:
  m_ObjectHideFlags: 0
  m_CorrespondingSourceObject: {fileID: 0}
  m_PrefabInstance: {fileID: 0}
  m_PrefabAsset: {fileID: 0}
  m_GameObject: {fileID: 1768635934627980}
  m_Enabled: 1
  m_EditorHideFlags: 0
  m_Script: {fileID: 11500000, guid: 1bfe2d01e2634b44d986579ee0ec0758, type: 3}
  m_Name: 
  m_EditorClassIdentifier: 
  m_Key: 114565207017352926_b9d7e5e5a2e7dcc46a8b15ef20919658
  m_ItemId: -1
  m_ParentFlowchartItem: {fileID: 114526489947341296}
  m_TemplateVariable: {fileID: 0}
  m_VariableName: Transform
  m_Scope: 1
  m_Localize: 0
  m_VariableIndex: 2
  m_Value: {fileID: 0}
--- !u!114 &114270307976131438
MonoBehaviour:
  m_ObjectHideFlags: 0
  m_CorrespondingSourceObject: {fileID: 0}
  m_PrefabInstance: {fileID: 0}
  m_PrefabAsset: {fileID: 0}
  m_GameObject: {fileID: 1768635934627980}
  m_Enabled: 1
  m_EditorHideFlags: 0
  m_Script: {fileID: 11500000, guid: 5d02d9822eec54c98afe95bb497211b3, type: 3}
  m_Name: 
  m_EditorClassIdentifier: 
  m_Key: 114270307976131438_b9d7e5e5a2e7dcc46a8b15ef20919658
  m_ItemId: -1
  m_ParentFlowchartItem: {fileID: 114050186986245286}
  m_TemplateVariable: {fileID: 0}
  m_VariableName: Enabled
  m_Scope: 2
  m_Localize: 0
  m_VariableIndex: 4
  m_Value: 0
--- !u!114 &114050186986245286
MonoBehaviour:
  m_ObjectHideFlags: 0
  m_CorrespondingSourceObject: {fileID: 0}
  m_PrefabInstance: {fileID: 0}
  m_PrefabAsset: {fileID: 0}
  m_GameObject: {fileID: 1768635934627980}
  m_Enabled: 1
  m_EditorHideFlags: 0
  m_Script: {fileID: 11500000, guid: 70c5622b8a80845c980954170295f292, type: 3}
  m_Name: 
  m_EditorClassIdentifier: 
  m_Key: 114050186986245286_b9d7e5e5a2e7dcc46a8b15ef20919658
  m_ItemId: 5
  m_ParentFlowchartItem: {fileID: 114733485510635404}
  m_WaitUntilFinished:
    m_VariableDataType: 0
    m_Variable: {fileID: 0}
    m_Command: {fileID: 0}
    m_Localize: 0
    m_DataVal: 0
  m_IndentLevel: 0
  m_CommandIndex: 4
  m_Conditions:
  - m_VariableData:
      m_VariableDataType: 1
      m_Variable: {fileID: 114270307976131438}
      m_Command: {fileID: 0}
      m_Localize: 0
    m_CompareOperator: 0
    m_Value:
      m_VariableDataType: 0
      m_Variable: {fileID: 0}
      m_Command: {fileID: 0}
      m_Localize: 0
      m_DataVal:
        m_ValueTypeName: System.Boolean, mscorlib
        m_UseDynamicValueType: 0
        m_SerializedValue: false
        m_ObjectReferenceValue: {fileID: 0}
        m_ObjectReferenceListValue: []
  m_CheckIf: 0
--- !u!114 &114486222064149436
MonoBehaviour:
  m_ObjectHideFlags: 0
  m_CorrespondingSourceObject: {fileID: 0}
  m_PrefabInstance: {fileID: 0}
  m_PrefabAsset: {fileID: 0}
  m_GameObject: {fileID: 1768635934627980}
  m_Enabled: 1
  m_EditorHideFlags: 0
  m_Script: {fileID: 11500000, guid: 3fa968f01a7f9496bb50e13dfe16760d, type: 3}
  m_Name: 
  m_EditorClassIdentifier: 
  m_Key: 114486222064149436_b9d7e5e5a2e7dcc46a8b15ef20919658
  m_ItemId: 7
  m_ParentFlowchartItem: {fileID: 114733485510635404}
  m_WaitUntilFinished:
    m_VariableDataType: 0
    m_Variable: {fileID: 0}
    m_Command: {fileID: 0}
    m_Localize: 0
    m_DataVal: 0
  m_IndentLevel: 0
  m_CommandIndex: 8
--- !u!114 &114578221708265424
MonoBehaviour:
  m_ObjectHideFlags: 0
  m_CorrespondingSourceObject: {fileID: 0}
  m_PrefabInstance: {fileID: 0}
  m_PrefabAsset: {fileID: 0}
  m_GameObject: {fileID: 1768635934627980}
  m_Enabled: 1
  m_EditorHideFlags: 0
  m_Script: {fileID: 11500000, guid: 705fa1ac97df74e3a84ff952ffd923f1, type: 3}
  m_Name: 
  m_EditorClassIdentifier: 
  m_Key: 114578221708265424_b9d7e5e5a2e7dcc46a8b15ef20919658
  m_ItemId: -1
  m_ParentFlowchartItem: {fileID: 114680700480483074}
  m_TemplateVariable: {fileID: 0}
  m_VariableName: AnimationDuration
  m_Scope: 0
  m_Localize: 0
  m_VariableIndex: 5
  m_Value: 0.1
--- !u!114 &114564485705294188
MonoBehaviour:
  m_ObjectHideFlags: 0
  m_CorrespondingSourceObject: {fileID: 0}
  m_PrefabInstance: {fileID: 0}
  m_PrefabAsset: {fileID: 0}
  m_GameObject: {fileID: 1768635934627980}
  m_Enabled: 1
  m_EditorHideFlags: 0
  m_Script: {fileID: 11500000, guid: 3d3d73aef2cfc4f51abf34ac00241f60, type: 3}
  m_Name: 
  m_EditorClassIdentifier: 
  m_Key: 114564485705294188_b9d7e5e5a2e7dcc46a8b15ef20919658
  m_ItemId: 13
  m_ParentFlowchartItem: {fileID: 0}
  m_TemplateBlock: {fileID: 0}
  m_NodePosition: {x: 0, y: 120}
  m_BlockName: ROADBLOCK ON
  m_Scope: 0
  m_Description: 
  m_Parameters: []
  m_ReturnTypeName: 
  m_EventHandler: {fileID: 0}
  m_Commands:
  - {fileID: 114506256702832584}
  - {fileID: 114680700480483074}
  - {fileID: 114526489947341296}
  - {fileID: 114891230141779410}
--- !u!114 &114506256702832584
MonoBehaviour:
  m_ObjectHideFlags: 0
  m_CorrespondingSourceObject: {fileID: 0}
  m_PrefabInstance: {fileID: 0}
  m_PrefabAsset: {fileID: 0}
  m_GameObject: {fileID: 1768635934627980}
  m_Enabled: 1
  m_EditorHideFlags: 0
  m_Script: {fileID: 11500000, guid: fb77d0ce495044f6e9feb91b31798e8c, type: 3}
  m_Name: 
  m_EditorClassIdentifier: 
  m_Key: 114506256702832584_b9d7e5e5a2e7dcc46a8b15ef20919658
  m_ItemId: 14
  m_ParentFlowchartItem: {fileID: 114564485705294188}
  m_WaitUntilFinished:
    m_VariableDataType: 0
    m_Variable: {fileID: 0}
    m_Command: {fileID: 0}
    m_Localize: 0
    m_DataVal: 0
  m_IndentLevel: 0
  m_CommandIndex: 0
  m_Variable: {fileID: 114270307976131438}
  m_Operation: 0
  m_Value:
    m_VariableDataType: 0
    m_Variable: {fileID: 0}
    m_Command: {fileID: 0}
    m_Localize: 0
    m_DataVal:
      m_ValueTypeName: System.Boolean, mscorlib
      m_UseDynamicValueType: 0
      m_SerializedValue: true
      m_ObjectReferenceValue: {fileID: 0}
      m_ObjectReferenceListValue: []
--- !u!114 &114680700480483074
MonoBehaviour:
  m_ObjectHideFlags: 0
  m_CorrespondingSourceObject: {fileID: 0}
  m_PrefabInstance: {fileID: 0}
  m_PrefabAsset: {fileID: 0}
  m_GameObject: {fileID: 1768635934627980}
  m_Enabled: 1
  m_EditorHideFlags: 0
  m_Script: {fileID: 11500000, guid: 618e4b7560ef2864692db9e384117a92, type: 3}
  m_Name: 
  m_EditorClassIdentifier: 
  m_Key: 114680700480483074_b9d7e5e5a2e7dcc46a8b15ef20919658
  m_ItemId: 15
  m_ParentFlowchartItem: {fileID: 114564485705294188}
  m_WaitUntilFinished:
    m_VariableDataType: 0
    m_Variable: {fileID: 0}
    m_Command: {fileID: 0}
    m_Localize: 0
    m_DataVal: 0
  m_IndentLevel: 0
  m_CommandIndex: 1
  m_Duration:
    m_VariableDataType: 1
    m_Variable: {fileID: 114578221708265424}
    m_Command: {fileID: 0}
    m_Localize: 0
    m_DataVal: 0
  m_SpeedBased:
    m_VariableDataType: 0
    m_Variable: {fileID: 0}
    m_Command: {fileID: 0}
    m_Localize: 0
    m_DataVal: 0
  m_Relative:
    m_VariableDataType: 0
    m_Variable: {fileID: 0}
    m_Command: {fileID: 0}
    m_Localize: 0
    m_DataVal: 0
  m_Ease:
    m_VariableDataType: 0
    m_Variable: {fileID: 0}
    m_Command: {fileID: 0}
    m_Localize: 0
    m_DataVal: 7
  m_LoopCount:
    m_VariableDataType: 0
    m_Variable: {fileID: 0}
    m_Command: {fileID: 0}
    m_Localize: 0
    m_DataVal: 0
  m_LoopType:
    m_VariableDataType: 0
    m_Variable: {fileID: 0}
    m_Command: {fileID: 0}
    m_Localize: 0
    m_DataVal: 0
  m_ReturnVariable: {fileID: 0}
  m_SpriteRenderer:
    m_VariableDataType: 1
    m_Variable: {fileID: 114670213630247748}
    m_Command: {fileID: 0}
    m_Localize: 0
    m_DataVal: {fileID: 0}
  m_Color:
    m_VariableDataType: 0
    m_Variable: {fileID: 0}
    m_Command: {fileID: 0}
    m_Localize: 0
    m_DataVal: {r: 0.93725497, g: 0.3019608, b: 0.13725491, a: 0.88235295}
--- !u!114 &114526489947341296
MonoBehaviour:
  m_ObjectHideFlags: 0
  m_CorrespondingSourceObject: {fileID: 0}
  m_PrefabInstance: {fileID: 0}
  m_PrefabAsset: {fileID: 0}
  m_GameObject: {fileID: 1768635934627980}
  m_Enabled: 1
  m_EditorHideFlags: 0
  m_Script: {fileID: 11500000, guid: d2dd111db90064d2cb85e3370cdfe3ac, type: 3}
  m_Name: 
  m_EditorClassIdentifier: 
  m_Key: 114526489947341296_b9d7e5e5a2e7dcc46a8b15ef20919658
  m_ItemId: 16
  m_ParentFlowchartItem: {fileID: 114564485705294188}
  m_WaitUntilFinished:
    m_VariableDataType: 0
    m_Variable: {fileID: 0}
    m_Command: {fileID: 0}
    m_Localize: 0
    m_DataVal: 0
  m_IndentLevel: 0
  m_CommandIndex: 2
  m_Duration:
    m_VariableDataType: 1
    m_Variable: {fileID: 114578221708265424}
    m_Command: {fileID: 0}
    m_Localize: 0
    m_DataVal: 0
  m_SpeedBased:
    m_VariableDataType: 0
    m_Variable: {fileID: 0}
    m_Command: {fileID: 0}
    m_Localize: 0
    m_DataVal: 0
  m_Relative:
    m_VariableDataType: 0
    m_Variable: {fileID: 0}
    m_Command: {fileID: 0}
    m_Localize: 0
    m_DataVal: 0
  m_Ease:
    m_VariableDataType: 0
    m_Variable: {fileID: 0}
    m_Command: {fileID: 0}
    m_Localize: 0
    m_DataVal: 7
  m_LoopCount:
    m_VariableDataType: 0
    m_Variable: {fileID: 0}
    m_Command: {fileID: 0}
    m_Localize: 0
    m_DataVal: 0
  m_LoopType:
    m_VariableDataType: 0
    m_Variable: {fileID: 0}
    m_Command: {fileID: 0}
    m_Localize: 0
    m_DataVal: 0
  m_ReturnVariable: {fileID: 0}
  m_Transform:
    m_VariableDataType: 1
    m_Variable: {fileID: 114565207017352926}
    m_Command: {fileID: 0}
    m_Localize: 0
    m_DataVal: {fileID: 0}
  m_Rotation:
    m_VariableDataType: 0
    m_Variable: {fileID: 0}
    m_Command: {fileID: 0}
    m_Localize: 0
    m_DataVal: {x: 0, y: 0, z: 45}
  m_RotateX: 1
  m_RotateY: 1
  m_RotateZ: 1
  m_Local:
    m_VariableDataType: 0
    m_Variable: {fileID: 0}
    m_Command: {fileID: 0}
    m_Localize: 0
    m_DataVal: 1
--- !u!114 &114891230141779410
MonoBehaviour:
  m_ObjectHideFlags: 0
  m_CorrespondingSourceObject: {fileID: 0}
  m_PrefabInstance: {fileID: 0}
  m_PrefabAsset: {fileID: 0}
  m_GameObject: {fileID: 1768635934627980}
  m_Enabled: 1
  m_EditorHideFlags: 0
  m_Script: {fileID: 11500000, guid: a34957bab33a3ef48b01b6ce0f4f47c0, type: 3}
  m_Name: 
  m_EditorClassIdentifier: 
  m_Key: 114891230141779410_b9d7e5e5a2e7dcc46a8b15ef20919658
  m_ItemId: 17
  m_ParentFlowchartItem: {fileID: 114564485705294188}
  m_WaitUntilFinished:
    m_VariableDataType: 0
    m_Variable: {fileID: 0}
    m_Command: {fileID: 0}
    m_Localize: 0
    m_DataVal: 0
  m_IndentLevel: 0
  m_CommandIndex: 3
  m_Object:
    m_VariableDataType: 1
    m_Variable: {fileID: 114155537044649398}
    m_Command: {fileID: 0}
    m_Localize: 0
    m_DataVal: {fileID: 0}
  m_Layer:
    m_VariableDataType: 0
    m_Variable: {fileID: 0}
    m_Command: {fileID: 0}
    m_Localize: 0
    m_DataVal: 8
--- !u!114 &114209404343956456
MonoBehaviour:
  m_ObjectHideFlags: 0
  m_CorrespondingSourceObject: {fileID: 0}
  m_PrefabInstance: {fileID: 0}
  m_PrefabAsset: {fileID: 0}
  m_GameObject: {fileID: 1768635934627980}
  m_Enabled: 1
  m_EditorHideFlags: 0
  m_Script: {fileID: 11500000, guid: 3d3d73aef2cfc4f51abf34ac00241f60, type: 3}
  m_Name: 
  m_EditorClassIdentifier: 
  m_Key: 114209404343956456_b9d7e5e5a2e7dcc46a8b15ef20919658
  m_ItemId: 18
  m_ParentFlowchartItem: {fileID: 0}
  m_TemplateBlock: {fileID: 0}
  m_NodePosition: {x: 210, y: 120}
  m_BlockName: ROADBLOCK OFF
  m_Scope: 0
  m_Description: 
  m_Parameters: []
  m_ReturnTypeName: 
  m_EventHandler: {fileID: 0}
  m_Commands:
  - {fileID: 114043110243394892}
  - {fileID: 114812192498902148}
  - {fileID: 114670604944403258}
  - {fileID: 114545749469190866}
--- !u!114 &114043110243394892
MonoBehaviour:
  m_ObjectHideFlags: 0
  m_CorrespondingSourceObject: {fileID: 0}
  m_PrefabInstance: {fileID: 0}
  m_PrefabAsset: {fileID: 0}
  m_GameObject: {fileID: 1768635934627980}
  m_Enabled: 1
  m_EditorHideFlags: 0
  m_Script: {fileID: 11500000, guid: fb77d0ce495044f6e9feb91b31798e8c, type: 3}
  m_Name: 
  m_EditorClassIdentifier: 
  m_Key: 114043110243394892_b9d7e5e5a2e7dcc46a8b15ef20919658
  m_ItemId: 19
  m_ParentFlowchartItem: {fileID: 114209404343956456}
  m_WaitUntilFinished:
    m_VariableDataType: 0
    m_Variable: {fileID: 0}
    m_Command: {fileID: 0}
    m_Localize: 0
    m_DataVal: 0
  m_IndentLevel: 0
  m_CommandIndex: 0
  m_Variable: {fileID: 114270307976131438}
  m_Operation: 0
  m_Value:
    m_VariableDataType: 0
    m_Variable: {fileID: 0}
    m_Command: {fileID: 0}
    m_Localize: 0
    m_DataVal:
      m_ValueTypeName: System.Boolean, mscorlib
      m_UseDynamicValueType: 0
      m_SerializedValue: false
      m_ObjectReferenceValue: {fileID: 0}
      m_ObjectReferenceListValue: []
--- !u!114 &114812192498902148
MonoBehaviour:
  m_ObjectHideFlags: 0
  m_CorrespondingSourceObject: {fileID: 0}
  m_PrefabInstance: {fileID: 0}
  m_PrefabAsset: {fileID: 0}
  m_GameObject: {fileID: 1768635934627980}
  m_Enabled: 1
  m_EditorHideFlags: 0
  m_Script: {fileID: 11500000, guid: 618e4b7560ef2864692db9e384117a92, type: 3}
  m_Name: 
  m_EditorClassIdentifier: 
  m_Key: 114812192498902148_b9d7e5e5a2e7dcc46a8b15ef20919658
  m_ItemId: 20
  m_ParentFlowchartItem: {fileID: 114209404343956456}
  m_WaitUntilFinished:
    m_VariableDataType: 0
    m_Variable: {fileID: 0}
    m_Command: {fileID: 0}
    m_Localize: 0
    m_DataVal: 0
  m_IndentLevel: 0
  m_CommandIndex: 1
  m_Duration:
    m_VariableDataType: 1
    m_Variable: {fileID: 114578221708265424}
    m_Command: {fileID: 0}
    m_Localize: 0
    m_DataVal: 0
  m_SpeedBased:
    m_VariableDataType: 0
    m_Variable: {fileID: 0}
    m_Command: {fileID: 0}
    m_Localize: 0
    m_DataVal: 0
  m_Relative:
    m_VariableDataType: 0
    m_Variable: {fileID: 0}
    m_Command: {fileID: 0}
    m_Localize: 0
    m_DataVal: 0
  m_Ease:
    m_VariableDataType: 0
    m_Variable: {fileID: 0}
    m_Command: {fileID: 0}
    m_Localize: 0
    m_DataVal: 7
  m_LoopCount:
    m_VariableDataType: 0
    m_Variable: {fileID: 0}
    m_Command: {fileID: 0}
    m_Localize: 0
    m_DataVal: 0
  m_LoopType:
    m_VariableDataType: 0
    m_Variable: {fileID: 0}
    m_Command: {fileID: 0}
    m_Localize: 0
    m_DataVal: 0
  m_ReturnVariable: {fileID: 0}
  m_SpriteRenderer:
    m_VariableDataType: 1
    m_Variable: {fileID: 114670213630247748}
    m_Command: {fileID: 0}
    m_Localize: 0
    m_DataVal: {fileID: 0}
  m_Color:
    m_VariableDataType: 0
    m_Variable: {fileID: 0}
    m_Command: {fileID: 0}
    m_Localize: 0
    m_DataVal: {r: 1, g: 1, b: 1, a: 0.88235295}
--- !u!114 &114670604944403258
MonoBehaviour:
  m_ObjectHideFlags: 0
  m_CorrespondingSourceObject: {fileID: 0}
  m_PrefabInstance: {fileID: 0}
  m_PrefabAsset: {fileID: 0}
  m_GameObject: {fileID: 1768635934627980}
  m_Enabled: 1
  m_EditorHideFlags: 0
  m_Script: {fileID: 11500000, guid: d2dd111db90064d2cb85e3370cdfe3ac, type: 3}
  m_Name: 
  m_EditorClassIdentifier: 
  m_Key: 114670604944403258_b9d7e5e5a2e7dcc46a8b15ef20919658
  m_ItemId: 21
  m_ParentFlowchartItem: {fileID: 114209404343956456}
  m_WaitUntilFinished:
    m_VariableDataType: 0
    m_Variable: {fileID: 0}
    m_Command: {fileID: 0}
    m_Localize: 0
    m_DataVal: 0
  m_IndentLevel: 0
  m_CommandIndex: 2
  m_Duration:
    m_VariableDataType: 1
    m_Variable: {fileID: 114578221708265424}
    m_Command: {fileID: 0}
    m_Localize: 0
    m_DataVal: 0
  m_SpeedBased:
    m_VariableDataType: 0
    m_Variable: {fileID: 0}
    m_Command: {fileID: 0}
    m_Localize: 0
    m_DataVal: 0
  m_Relative:
    m_VariableDataType: 0
    m_Variable: {fileID: 0}
    m_Command: {fileID: 0}
    m_Localize: 0
    m_DataVal: 0
  m_Ease:
    m_VariableDataType: 0
    m_Variable: {fileID: 0}
    m_Command: {fileID: 0}
    m_Localize: 0
    m_DataVal: 7
  m_LoopCount:
    m_VariableDataType: 0
    m_Variable: {fileID: 0}
    m_Command: {fileID: 0}
    m_Localize: 0
    m_DataVal: 0
  m_LoopType:
    m_VariableDataType: 0
    m_Variable: {fileID: 0}
    m_Command: {fileID: 0}
    m_Localize: 0
    m_DataVal: 0
  m_ReturnVariable: {fileID: 0}
  m_Transform:
    m_VariableDataType: 1
    m_Variable: {fileID: 114565207017352926}
    m_Command: {fileID: 0}
    m_Localize: 0
    m_DataVal: {fileID: 0}
  m_Rotation:
    m_VariableDataType: 0
    m_Variable: {fileID: 0}
    m_Command: {fileID: 0}
    m_Localize: 0
    m_DataVal: {x: 0, y: 0, z: 0}
  m_RotateX: 1
  m_RotateY: 1
  m_RotateZ: 1
  m_Local:
    m_VariableDataType: 0
    m_Variable: {fileID: 0}
    m_Command: {fileID: 0}
    m_Localize: 0
    m_DataVal: 1
--- !u!114 &114545749469190866
MonoBehaviour:
  m_ObjectHideFlags: 0
  m_CorrespondingSourceObject: {fileID: 0}
  m_PrefabInstance: {fileID: 0}
  m_PrefabAsset: {fileID: 0}
  m_GameObject: {fileID: 1768635934627980}
  m_Enabled: 1
  m_EditorHideFlags: 0
  m_Script: {fileID: 11500000, guid: a34957bab33a3ef48b01b6ce0f4f47c0, type: 3}
  m_Name: 
  m_EditorClassIdentifier: 
  m_Key: 114545749469190866_b9d7e5e5a2e7dcc46a8b15ef20919658
  m_ItemId: 22
  m_ParentFlowchartItem: {fileID: 114209404343956456}
  m_WaitUntilFinished:
    m_VariableDataType: 0
    m_Variable: {fileID: 0}
    m_Command: {fileID: 0}
    m_Localize: 0
    m_DataVal: 0
  m_IndentLevel: 0
  m_CommandIndex: 3
  m_Object:
    m_VariableDataType: 1
    m_Variable: {fileID: 114155537044649398}
    m_Command: {fileID: 0}
    m_Localize: 0
    m_DataVal: {fileID: 0}
  m_Layer:
    m_VariableDataType: 0
    m_Variable: {fileID: 0}
    m_Command: {fileID: 0}
    m_Localize: 0
    m_DataVal: 0
--- !u!114 &114148836438828288
MonoBehaviour:
  m_ObjectHideFlags: 0
  m_CorrespondingSourceObject: {fileID: 0}
  m_PrefabInstance: {fileID: 0}
  m_PrefabAsset: {fileID: 0}
  m_GameObject: {fileID: 1768635934627980}
  m_Enabled: 1
  m_EditorHideFlags: 0
  m_Script: {fileID: 11500000, guid: 050fb9e6e72f442b3b883da8a965bdeb, type: 3}
  m_Name: 
  m_EditorClassIdentifier: 
  m_Key: 114148836438828288_b9d7e5e5a2e7dcc46a8b15ef20919658
  m_ItemId: 23
  m_ParentFlowchartItem: {fileID: 114733485510635404}
  m_WaitUntilFinished:
    m_VariableDataType: 0
    m_Variable: {fileID: 0}
    m_Command: {fileID: 0}
    m_Localize: 0
    m_DataVal: 0
  m_IndentLevel: 1
  m_CommandIndex: 6
  m_TargetBlock:
    m_VariableDataType: 0
    m_Variable: {fileID: 0}
    m_Command: {fileID: 0}
    m_Localize: 0
    m_DataVal: {fileID: 114564485705294188}
  m_CallMode:
    m_VariableDataType: 0
    m_Variable: {fileID: 0}
    m_Command: {fileID: 0}
    m_Localize: 0
    m_DataVal: 1
  m_Parameters: []
  m_ReturnVariable: {fileID: 0}
  m_Description: 
--- !u!114 &114365486601309146
MonoBehaviour:
  m_ObjectHideFlags: 0
  m_CorrespondingSourceObject: {fileID: 0}
  m_PrefabInstance: {fileID: 0}
  m_PrefabAsset: {fileID: 0}
  m_GameObject: {fileID: 1768635934627980}
  m_Enabled: 1
  m_EditorHideFlags: 0
  m_Script: {fileID: 11500000, guid: 050fb9e6e72f442b3b883da8a965bdeb, type: 3}
  m_Name: 
  m_EditorClassIdentifier: 
  m_Key: 114365486601309146_b9d7e5e5a2e7dcc46a8b15ef20919658
  m_ItemId: 24
  m_ParentFlowchartItem: {fileID: 114733485510635404}
  m_WaitUntilFinished:
    m_VariableDataType: 0
    m_Variable: {fileID: 0}
    m_Command: {fileID: 0}
    m_Localize: 0
    m_DataVal: 0
  m_IndentLevel: 1
  m_CommandIndex: 10
  m_TargetBlock:
    m_VariableDataType: 0
    m_Variable: {fileID: 0}
    m_Command: {fileID: 0}
    m_Localize: 0
    m_DataVal: {fileID: 114209404343956456}
  m_CallMode:
    m_VariableDataType: 0
    m_Variable: {fileID: 0}
    m_Command: {fileID: 0}
    m_Localize: 0
    m_DataVal: 1
  m_Parameters: []
  m_ReturnVariable: {fileID: 0}
  m_Description: 
--- !u!114 &114194062428182710
MonoBehaviour:
  m_ObjectHideFlags: 0
  m_CorrespondingSourceObject: {fileID: 0}
  m_PrefabInstance: {fileID: 0}
  m_PrefabAsset: {fileID: 0}
  m_GameObject: {fileID: 1768635934627980}
  m_Enabled: 1
  m_EditorHideFlags: 0
  m_Script: {fileID: 11500000, guid: 3d3d73aef2cfc4f51abf34ac00241f60, type: 3}
  m_Name: 
  m_EditorClassIdentifier: 
  m_Key: 114194062428182710_b9d7e5e5a2e7dcc46a8b15ef20919658
  m_ItemId: 25
  m_ParentFlowchartItem: {fileID: 0}
  m_TemplateBlock: {fileID: 0}
  m_NodePosition: {x: 300, y: 60}
  m_BlockName: RESET
  m_Scope: 0
  m_Description: 
  m_Parameters: []
  m_ReturnTypeName: 
  m_EventHandler: {fileID: 114097440478594354}
  m_Commands:
  - {fileID: 114254111148308194}
  - {fileID: 114944754959709528}
--- !u!114 &114944754959709528
MonoBehaviour:
  m_ObjectHideFlags: 0
  m_CorrespondingSourceObject: {fileID: 0}
  m_PrefabInstance: {fileID: 0}
  m_PrefabAsset: {fileID: 0}
  m_GameObject: {fileID: 1768635934627980}
  m_Enabled: 1
  m_EditorHideFlags: 0
  m_Script: {fileID: 11500000, guid: 050fb9e6e72f442b3b883da8a965bdeb, type: 3}
  m_Name: 
  m_EditorClassIdentifier: 
  m_Key: 114944754959709528_b9d7e5e5a2e7dcc46a8b15ef20919658
  m_ItemId: 26
  m_ParentFlowchartItem: {fileID: 114194062428182710}
  m_WaitUntilFinished:
    m_VariableDataType: 0
    m_Variable: {fileID: 0}
    m_Command: {fileID: 0}
    m_Localize: 0
    m_DataVal: 0
  m_IndentLevel: 1
  m_CommandIndex: 1
  m_TargetBlock:
    m_VariableDataType: 0
    m_Variable: {fileID: 0}
    m_Command: {fileID: 0}
    m_Localize: 0
    m_DataVal: {fileID: 114209404343956456}
  m_CallMode:
    m_VariableDataType: 0
    m_Variable: {fileID: 0}
    m_Command: {fileID: 0}
    m_Localize: 0
    m_DataVal: 0
  m_Parameters: []
  m_ReturnVariable: {fileID: 0}
  m_Description: 
--- !u!114 &114589868992987400
MonoBehaviour:
  m_ObjectHideFlags: 0
  m_CorrespondingSourceObject: {fileID: 0}
  m_PrefabInstance: {fileID: 0}
  m_PrefabAsset: {fileID: 0}
  m_GameObject: {fileID: 1768635934627980}
  m_Enabled: 1
  m_EditorHideFlags: 0
  m_Script: {fileID: 11500000, guid: 99a8c18926e026b4686cd8529a19b268, type: 3}
  m_Name: 
  m_EditorClassIdentifier: 
  m_Key: 114589868992987400_b9d7e5e5a2e7dcc46a8b15ef20919658
  m_ItemId: -1
  m_ParentFlowchartItem: {fileID: 0}
  m_TemplateVariable: {fileID: 0}
  m_VariableName: PathRenderer
  m_Scope: 1
  m_Localize: 0
  m_VariableIndex: 3
  m_Value: {fileID: 0}
--- !u!114 &114097440478594354
MonoBehaviour:
  m_ObjectHideFlags: 0
  m_CorrespondingSourceObject: {fileID: 0}
  m_PrefabInstance: {fileID: 0}
  m_PrefabAsset: {fileID: 0}
  m_GameObject: {fileID: 1768635934627980}
  m_Enabled: 1
  m_EditorHideFlags: 0
  m_Script: {fileID: 11500000, guid: 2d7d417659cd54a6787f70f763950c34, type: 3}
  m_Name: 
  m_EditorClassIdentifier: 
  m_Key: 114097440478594354_b9d7e5e5a2e7dcc46a8b15ef20919658
  m_ItemId: 34
  m_ParentFlowchartItem: {fileID: 114194062428182710}
  m_Message:
    m_VariableDataType: 0
    m_Variable: {fileID: 0}
    m_Command: {fileID: 0}
    m_Localize: 1
    m_DataVal: RESET_ROADBLOCKS
--- !u!114 &114254111148308194
MonoBehaviour:
  m_ObjectHideFlags: 0
  m_CorrespondingSourceObject: {fileID: 0}
  m_PrefabInstance: {fileID: 0}
  m_PrefabAsset: {fileID: 0}
  m_GameObject: {fileID: 1768635934627980}
  m_Enabled: 1
  m_EditorHideFlags: 0
  m_Script: {fileID: 11500000, guid: 70c5622b8a80845c980954170295f292, type: 3}
  m_Name: 
  m_EditorClassIdentifier: 
  m_Key: 114254111148308194_b9d7e5e5a2e7dcc46a8b15ef20919658
  m_ItemId: 35
  m_ParentFlowchartItem: {fileID: 114194062428182710}
  m_WaitUntilFinished:
    m_VariableDataType: 0
    m_Variable: {fileID: 0}
    m_Command: {fileID: 0}
    m_Localize: 0
    m_DataVal: 0
  m_IndentLevel: 0
  m_CommandIndex: 0
  m_Conditions:
  - m_VariableData:
      m_VariableDataType: 1
      m_Variable: {fileID: 114270307976131438}
      m_Command: {fileID: 0}
      m_Localize: 0
    m_CompareOperator: 0
    m_Value:
      m_VariableDataType: 0
      m_Variable: {fileID: 0}
      m_Command: {fileID: 0}
      m_Localize: 0
      m_DataVal:
        m_ValueTypeName: System.Boolean, mscorlib
        m_UseDynamicValueType: 0
        m_SerializedValue: true
        m_ObjectReferenceValue: {fileID: 0}
        m_ObjectReferenceListValue: []
  m_CheckIf: 0
--- !u!114 &114606518131021566
MonoBehaviour:
  m_ObjectHideFlags: 0
  m_CorrespondingSourceObject: {fileID: 0}
  m_PrefabInstance: {fileID: 0}
  m_PrefabAsset: {fileID: 0}
  m_GameObject: {fileID: 1768635934627980}
  m_Enabled: 1
  m_EditorHideFlags: 0
  m_Script: {fileID: 11500000, guid: 050fb9e6e72f442b3b883da8a965bdeb, type: 3}
  m_Name: 
  m_EditorClassIdentifier: 
  m_Key: 114606518131021566_b9d7e5e5a2e7dcc46a8b15ef20919658
  m_ItemId: 37
  m_ParentFlowchartItem: {fileID: 114733485510635404}
  m_WaitUntilFinished:
    m_VariableDataType: 0
    m_Variable: {fileID: 0}
    m_Command: {fileID: 0}
    m_Localize: 0
    m_DataVal: 0
  m_IndentLevel: 1
  m_CommandIndex: 7
  m_TargetBlock:
    m_VariableDataType: 0
    m_Variable: {fileID: 0}
    m_Command: {fileID: 0}
    m_Localize: 0
    m_DataVal: {fileID: 114880231142809210, guid: 03c5df609d9672e46a702bfa9db62a7f,
      type: 3}
  m_CallMode:
    m_VariableDataType: 0
    m_Variable: {fileID: 0}
    m_Command: {fileID: 0}
    m_Localize: 0
    m_DataVal: 0
  m_Parameters: []
  m_ReturnVariable: {fileID: 0}
  m_Description: 
--- !u!114 &114959602467213224
MonoBehaviour:
  m_ObjectHideFlags: 0
  m_CorrespondingSourceObject: {fileID: 0}
  m_PrefabInstance: {fileID: 0}
  m_PrefabAsset: {fileID: 0}
  m_GameObject: {fileID: 1768635934627980}
  m_Enabled: 1
  m_EditorHideFlags: 0
  m_Script: {fileID: 11500000, guid: 050fb9e6e72f442b3b883da8a965bdeb, type: 3}
  m_Name: 
  m_EditorClassIdentifier: 
  m_Key: 114959602467213224_b9d7e5e5a2e7dcc46a8b15ef20919658
  m_ItemId: 40
  m_ParentFlowchartItem: {fileID: 114733485510635404}
  m_WaitUntilFinished:
    m_VariableDataType: 0
    m_Variable: {fileID: 0}
    m_Command: {fileID: 0}
    m_Localize: 0
    m_DataVal: 0
  m_IndentLevel: 1
  m_CommandIndex: 11
  m_TargetBlock:
    m_VariableDataType: 0
    m_Variable: {fileID: 0}
    m_Command: {fileID: 0}
    m_Localize: 0
    m_DataVal: {fileID: 114880231142809210, guid: 03c5df609d9672e46a702bfa9db62a7f,
      type: 3}
  m_CallMode:
    m_VariableDataType: 0
    m_Variable: {fileID: 0}
    m_Command: {fileID: 0}
    m_Localize: 0
    m_DataVal: 0
  m_Parameters: []
  m_ReturnVariable: {fileID: 0}
  m_Description: 
--- !u!114 &114839639449798254
MonoBehaviour:
  m_ObjectHideFlags: 0
  m_CorrespondingSourceObject: {fileID: 0}
  m_PrefabInstance: {fileID: 0}
  m_PrefabAsset: {fileID: 0}
  m_GameObject: {fileID: 1768635934627980}
  m_Enabled: 1
  m_EditorHideFlags: 0
  m_Script: {fileID: 11500000, guid: fb77d0ce495044f6e9feb91b31798e8c, type: 3}
  m_Name: 
  m_EditorClassIdentifier: 
  m_Key: 114839639449798254_b9d7e5e5a2e7dcc46a8b15ef20919658
  m_ItemId: 41
  m_ParentFlowchartItem: {fileID: 114733485510635404}
  m_WaitUntilFinished:
    m_VariableDataType: 0
    m_Variable: {fileID: 0}
    m_Command: {fileID: 0}
    m_Localize: 0
    m_DataVal: 0
  m_IndentLevel: 1
  m_CommandIndex: 9
  m_Variable: {fileID: 114072567730354708, guid: 03c5df609d9672e46a702bfa9db62a7f,
    type: 3}
  m_Operation: 3
  m_Value:
    m_VariableDataType: 0
    m_Variable: {fileID: 0}
    m_Command: {fileID: 0}
    m_Localize: 0
    m_DataVal:
      m_ValueTypeName: System.Int32, mscorlib
      m_UseDynamicValueType: 0
      m_SerializedValue: 1
      m_ObjectReferenceValue: {fileID: 0}
      m_ObjectReferenceListValue: []
--- !u!114 &114481910156575494
MonoBehaviour:
  m_ObjectHideFlags: 0
  m_CorrespondingSourceObject: {fileID: 0}
  m_PrefabInstance: {fileID: 0}
  m_PrefabAsset: {fileID: 0}
  m_GameObject: {fileID: 1768635934627980}
  m_Enabled: 1
  m_EditorHideFlags: 0
  m_Script: {fileID: 11500000, guid: fb77d0ce495044f6e9feb91b31798e8c, type: 3}
  m_Name: 
  m_EditorClassIdentifier: 
  m_Key: 114481910156575494_b9d7e5e5a2e7dcc46a8b15ef20919658
  m_ItemId: 42
  m_ParentFlowchartItem: {fileID: 114733485510635404}
  m_WaitUntilFinished:
    m_VariableDataType: 0
    m_Variable: {fileID: 0}
    m_Command: {fileID: 0}
    m_Localize: 0
    m_DataVal: 0
  m_IndentLevel: 1
  m_CommandIndex: 5
  m_Variable: {fileID: 114072567730354708, guid: 03c5df609d9672e46a702bfa9db62a7f,
    type: 3}
  m_Operation: 2
  m_Value:
    m_VariableDataType: 0
    m_Variable: {fileID: 0}
    m_Command: {fileID: 0}
    m_Localize: 0
    m_DataVal:
      m_ValueTypeName: System.Int32, mscorlib
      m_UseDynamicValueType: 0
      m_SerializedValue: 1
      m_ObjectReferenceValue: {fileID: 0}
      m_ObjectReferenceListValue: []
--- !u!114 &114064117883997616
MonoBehaviour:
  m_ObjectHideFlags: 0
  m_CorrespondingSourceObject: {fileID: 0}
  m_PrefabInstance: {fileID: 0}
  m_PrefabAsset: {fileID: 0}
  m_GameObject: {fileID: 1768635934627980}
  m_Enabled: 1
  m_EditorHideFlags: 0
  m_Script: {fileID: 11500000, guid: 70c5622b8a80845c980954170295f292, type: 3}
  m_Name: 
  m_EditorClassIdentifier: 
  m_Key: 114064117883997616_b9d7e5e5a2e7dcc46a8b15ef20919658
  m_ItemId: 982
  m_ParentFlowchartItem: {fileID: 114733485510635404}
  m_WaitUntilFinished:
    m_VariableDataType: 0
    m_Variable: {fileID: 0}
    m_Command: {fileID: 0}
    m_Localize: 0
    m_DataVal: 0
  m_IndentLevel: 0
  m_CommandIndex: 1
  m_Conditions:
  - m_VariableData:
      m_VariableDataType: 2
      m_Variable: {fileID: 0}
      m_Command: {fileID: 114164352298432700}
      m_Localize: 0
    m_CompareOperator: 0
    m_Value:
      m_VariableDataType: 0
      m_Variable: {fileID: 0}
      m_Command: {fileID: 0}
      m_Localize: 0
      m_DataVal:
        m_ValueTypeName: System.Boolean, mscorlib
        m_UseDynamicValueType: 0
        m_SerializedValue: true
        m_ObjectReferenceValue: {fileID: 0}
        m_ObjectReferenceListValue: []
  m_CheckIf: 0
--- !u!114 &114500362839438938
MonoBehaviour:
  m_ObjectHideFlags: 0
  m_CorrespondingSourceObject: {fileID: 0}
  m_PrefabInstance: {fileID: 0}
  m_PrefabAsset: {fileID: 0}
  m_GameObject: {fileID: 1768635934627980}
  m_Enabled: 1
  m_EditorHideFlags: 0
  m_Script: {fileID: 11500000, guid: 93cb9773f2ca04e2bbf7a68ccfc23267, type: 3}
  m_Name: 
  m_EditorClassIdentifier: 
  m_Key: 114500362839438938_b9d7e5e5a2e7dcc46a8b15ef20919658
  m_ItemId: 984
  m_ParentFlowchartItem: {fileID: 114733485510635404}
  m_WaitUntilFinished:
    m_VariableDataType: 0
    m_Variable: {fileID: 0}
    m_Command: {fileID: 0}
    m_Localize: 0
    m_DataVal: 0
  m_IndentLevel: 0
  m_CommandIndex: 3
--- !u!114 &114164352298432700
MonoBehaviour:
  m_ObjectHideFlags: 0
  m_CorrespondingSourceObject: {fileID: 0}
  m_PrefabInstance: {fileID: 0}
  m_PrefabAsset: {fileID: 0}
  m_GameObject: {fileID: 1768635934627980}
  m_Enabled: 1
  m_EditorHideFlags: 0
  m_Script: {fileID: 11500000, guid: 7d3aadc2ad78a3c4e8b6bd65c8d2dad6, type: 3}
  m_Name: 
  m_EditorClassIdentifier: 
  m_Key: 114164352298432700_b9d7e5e5a2e7dcc46a8b15ef20919658
  m_ItemId: 981
  m_ParentFlowchartItem: {fileID: 114064117883997616}
  m_WaitUntilFinished:
    m_VariableDataType: 0
    m_Variable: {fileID: 0}
    m_Command: {fileID: 0}
    m_Localize: 0
    m_DataVal: 0
  m_IndentLevel: 0
  m_CommandIndex: -1
  m_Block:
    m_VariableDataType: 0
    m_Variable: {fileID: 0}
    m_Command: {fileID: 0}
    m_Localize: 0
    m_DataVal: {fileID: 114880231142809210, guid: 03c5df609d9672e46a702bfa9db62a7f,
      type: 3}
  m_ReturnVariable: {fileID: 0}
--- !u!114 &114742862032908474
MonoBehaviour:
  m_ObjectHideFlags: 0
  m_CorrespondingSourceObject: {fileID: 0}
  m_PrefabInstance: {fileID: 0}
  m_PrefabAsset: {fileID: 0}
  m_GameObject: {fileID: 1768635934627980}
  m_Enabled: 1
  m_EditorHideFlags: 0
  m_Script: {fileID: 11500000, guid: 5f1ca510a57aa47568a5e4ee558ff41f, type: 3}
  m_Name: 
  m_EditorClassIdentifier: 
  m_Key: 114742862032908474_b9d7e5e5a2e7dcc46a8b15ef20919658
  m_ItemId: 985
  m_ParentFlowchartItem: {fileID: 114733485510635404}
  m_WaitUntilFinished:
    m_VariableDataType: 0
    m_Variable: {fileID: 0}
    m_Command: {fileID: 0}
    m_Localize: 0
    m_DataVal: 0
  m_IndentLevel: 1
  m_CommandIndex: 2
  m_Block:
    m_VariableDataType: 0
    m_Variable: {fileID: 0}
    m_Command: {fileID: 0}
    m_Localize: 0
    m_DataVal: {fileID: 114880231142809210, guid: 03c5df609d9672e46a702bfa9db62a7f,
      type: 3}
  m_Description: 
--- !u!114 &114960696870315318
MonoBehaviour:
  m_ObjectHideFlags: 0
  m_CorrespondingSourceObject: {fileID: 0}
  m_PrefabInstance: {fileID: 0}
  m_PrefabAsset: {fileID: 0}
  m_GameObject: {fileID: 1768635934627980}
  m_Enabled: 1
  m_EditorHideFlags: 0
  m_Script: {fileID: 11500000, guid: 6d491c11b6ed69c409abbf25b64be2f0, type: 3}
  m_Name: 
  m_EditorClassIdentifier: 
  m_Key: 114960696870315318_b9d7e5e5a2e7dcc46a8b15ef20919658
  m_ItemId: 986
  m_ParentFlowchartItem: {fileID: 114733485510635404}
  m_WaitUntilFinished:
    m_VariableDataType: 0
    m_Variable: {fileID: 0}
    m_Command: {fileID: 0}
    m_Localize: 0
    m_DataVal: 0
  m_IndentLevel: 0
  m_CommandIndex: 0
  m_AudioSource:
    m_VariableDataType: 0
    m_Variable: {fileID: 0}
    m_Command: {fileID: 0}
    m_Localize: 0
    m_DataVal: {fileID: 82702500130311136, guid: 0ef87d622cfe6004faff4cfd645d3a86,
      type: 3}
  m_FadeDuration:
    m_VariableDataType: 0
    m_Variable: {fileID: 0}
    m_Command: {fileID: 0}
    m_Localize: 0
    m_DataVal: 0
  m_Loop:
    m_VariableDataType: 0
    m_Variable: {fileID: 0}
    m_Command: {fileID: 0}
    m_Localize: 0
    m_DataVal: 0
