%YAML 1.1
%TAG !u! tag:unity3d.com,2011:
--- !u!1 &1216178410606462
GameObject:
  m_ObjectHideFlags: 0
  m_CorrespondingSourceObject: {fileID: 0}
  m_PrefabInstance: {fileID: 0}
  m_PrefabAsset: {fileID: 0}
  serializedVersion: 6
  m_Component:
  - component: {fileID: 4430975536413856}
  - component: {fileID: 114653800337044228}
  - component: {fileID: 114072567730354708}
  - component: {fileID: 114880231142809210}
  - component: {fileID: 114997688328300616}
  - component: {fileID: 114294135784325946}
  - component: {fileID: 114342484929984376}
  - component: {fileID: 114091030627554456}
  - component: {fileID: 114309672709796512}
  - component: {fileID: 114322401107729716}
  - component: {fileID: 114438699603219000}
  - component: {fileID: 114485857652138858}
  - component: {fileID: 114621578331408906}
  - component: {fileID: 114229508809295448}
  - component: {fileID: 114884458978455212}
  - component: {fileID: 114316507251297252}
  - component: {fileID: 114919689749375018}
  - component: {fileID: 114413489308485144}
  - component: {fileID: 114634689034304936}
  - component: {fileID: 114524410167509364}
  - component: {fileID: 114523144525461944}
  - component: {fileID: 114156114348127628}
  - component: {fileID: 114124405092831286}
  - component: {fileID: 114783450079944380}
  - component: {fileID: 114964652226590472}
  - component: {fileID: 114911000189401568}
  - component: {fileID: 114585537070862436}
  - component: {fileID: 114159252173182126}
  - component: {fileID: 114195560541664344}
  m_Layer: 0
  m_Name: RoadblockAndRadiosGlobals
  m_TagString: Untagged
  m_Icon: {fileID: 0}
  m_NavMeshLayer: 0
  m_StaticEditorFlags: 0
  m_IsActive: 1
--- !u!4 &4430975536413856
Transform:
  m_ObjectHideFlags: 0
  m_CorrespondingSourceObject: {fileID: 0}
  m_PrefabInstance: {fileID: 0}
  m_PrefabAsset: {fileID: 0}
  m_GameObject: {fileID: 1216178410606462}
  m_LocalRotation: {x: -0, y: -0, z: -0, w: 1}
  m_LocalPosition: {x: 0, y: 0, z: 0}
  m_LocalScale: {x: 1, y: 1, z: 1}
  m_Children: []
  m_Father: {fileID: 0}
  m_RootOrder: 0
  m_LocalEulerAnglesHint: {x: 0, y: 0, z: 0}
--- !u!114 &114653800337044228
MonoBehaviour:
  m_ObjectHideFlags: 0
  m_CorrespondingSourceObject: {fileID: 0}
  m_PrefabInstance: {fileID: 0}
  m_PrefabAsset: {fileID: 0}
  m_GameObject: {fileID: 1216178410606462}
  m_Enabled: 1
  m_EditorHideFlags: 0
  m_Script: {fileID: 11500000, guid: 7a334fe2ffb574b3583ff3b18b4792d3, type: 3}
  m_Name: 
  m_EditorClassIdentifier: 
  m_Key: 114653800337044228_03c5df609d9672e46a702bfa9db62a7f
  m_Version: 1.0
  m_TemplateFlowchart: {fileID: 0}
  m_Description: 
  m_StepPause: 0
  m_PauseOnEnable: 0
  m_HideComponents: 1
  m_Logging: 0
  m_NodePosition: {x: 0, y: 0}
  m_Blocks:
  - {fileID: 114880231142809210}
  - {fileID: 114091030627554456}
  m_Variables:
  - {fileID: 114072567730354708}
  - {fileID: 114438699603219000}
  - {fileID: 114485857652138858}
  - {fileID: 114524410167509364}
--- !u!114 &114072567730354708
MonoBehaviour:
  m_ObjectHideFlags: 0
  m_CorrespondingSourceObject: {fileID: 0}
  m_PrefabInstance: {fileID: 0}
  m_PrefabAsset: {fileID: 0}
  m_GameObject: {fileID: 1216178410606462}
  m_Enabled: 1
  m_EditorHideFlags: 0
  m_Script: {fileID: 11500000, guid: afb91b566ceda411bad1e9d3c3243ecc, type: 3}
  m_Name: 
  m_EditorClassIdentifier: 
  m_Key: 114072567730354708_03c5df609d9672e46a702bfa9db62a7f
  m_ItemId: -1
  m_ParentFlowchartItem: {fileID: 114884458978455212}
  m_TemplateVariable: {fileID: 0}
  m_VariableName: RoadblockCount
  m_Scope: 2
  m_Localize: 0
  m_VariableIndex: 0
  m_Value: 0
--- !u!114 &114880231142809210
MonoBehaviour:
  m_ObjectHideFlags: 0
  m_CorrespondingSourceObject: {fileID: 0}
  m_PrefabInstance: {fileID: 0}
  m_PrefabAsset: {fileID: 0}
  m_GameObject: {fileID: 1216178410606462}
  m_Enabled: 1
  m_EditorHideFlags: 0
  m_Script: {fileID: 11500000, guid: 3d3d73aef2cfc4f51abf34ac00241f60, type: 3}
  m_Name: 
  m_EditorClassIdentifier: 
  m_Key: 114880231142809210_03c5df609d9672e46a702bfa9db62a7f
  m_ItemId: 34
  m_ParentFlowchartItem: {fileID: 0}
  m_TemplateBlock: {fileID: 0}
  m_NodePosition: {x: 100, y: 100}
  m_BlockName: REDRAW PATH
  m_Scope: 2
  m_Description: 
  m_Parameters: []
  m_ReturnTypeName: 
  m_EventHandler: {fileID: 0}
  m_Commands:
  - {fileID: 114585537070862436}
  - {fileID: 114156114348127628}
  - {fileID: 114997688328300616}
  - {fileID: 114783450079944380}
--- !u!114 &114997688328300616
MonoBehaviour:
  m_ObjectHideFlags: 0
  m_CorrespondingSourceObject: {fileID: 0}
  m_PrefabInstance: {fileID: 0}
  m_PrefabAsset: {fileID: 0}
  m_GameObject: {fileID: 1216178410606462}
  m_Enabled: 1
  m_EditorHideFlags: 0
  m_Script: {fileID: 11500000, guid: 103b231fad0dac6438365c6e4eef07a4, type: 3}
  m_Name: 
  m_EditorClassIdentifier: 
  m_Key: 114997688328300616_03c5df609d9672e46a702bfa9db62a7f
  m_ItemId: 35
  m_ParentFlowchartItem: {fileID: 114880231142809210}
  m_WaitUntilFinished:
    m_VariableDataType: 0
    m_Variable: {fileID: 0}
    m_Command: {fileID: 0}
    m_Localize: 0
    m_DataVal: 1
  m_IndentLevel: 0
  m_CommandIndex: 2
  m_Duration:
    m_VariableDataType: 0
    m_Variable: {fileID: 0}
    m_Command: {fileID: 0}
    m_Localize: 0
    m_DataVal: 1
  m_SpeedBased:
    m_VariableDataType: 0
    m_Variable: {fileID: 0}
    m_Command: {fileID: 0}
    m_Localize: 0
    m_DataVal: 0
  m_Relative:
    m_VariableDataType: 0
    m_Variable: {fileID: 0}
    m_Command: {fileID: 0}
    m_Localize: 0
    m_DataVal: 0
  m_Ease:
    m_VariableDataType: 0
    m_Variable: {fileID: 0}
    m_Command: {fileID: 0}
    m_Localize: 0
    m_DataVal: 1
  m_LoopCount:
    m_VariableDataType: 0
    m_Variable: {fileID: 0}
    m_Command: {fileID: 0}
    m_Localize: 0
    m_DataVal: 0
  m_LoopType:
    m_VariableDataType: 0
    m_Variable: {fileID: 0}
    m_Command: {fileID: 0}
    m_Localize: 0
    m_DataVal: 0
  m_ReturnVariable: {fileID: 0}
  m_PathRenderer:
    m_VariableDataType: 0
    m_Variable: {fileID: 0}
    m_Command: {fileID: 0}
    m_Localize: 0
    m_DataVal: {fileID: 0}
--- !u!114 &114294135784325946
MonoBehaviour:
  m_ObjectHideFlags: 0
  m_CorrespondingSourceObject: {fileID: 0}
  m_PrefabInstance: {fileID: 0}
  m_PrefabAsset: {fileID: 0}
  m_GameObject: {fileID: 1216178410606462}
  m_Enabled: 1
  m_EditorHideFlags: 0
  m_Script: {fileID: 11500000, guid: 78c0367bf08d147bd80b5454de50e9d4, type: 3}
  m_Name: 
  m_EditorClassIdentifier: 
  m_Key: 114294135784325946_03c5df609d9672e46a702bfa9db62a7f
  m_ItemId: 44
  m_ParentFlowchartItem: {fileID: 114091030627554456}
  m_WaitUntilFinished:
    m_VariableDataType: 0
    m_Variable: {fileID: 0}
    m_Command: {fileID: 0}
    m_Localize: 0
    m_DataVal: 0
  m_IndentLevel: 0
  m_CommandIndex: 4
  m_TextComponent:
    m_VariableDataType: 0
    m_Variable: {fileID: 0}
    m_Command: {fileID: 0}
    m_Localize: 0
    m_DataVal: {fileID: 0}
  m_Text:
    m_VariableDataType: 0
    m_Variable: {fileID: 0}
    m_Command: {fileID: 0}
    m_Localize: 1
    m_DataVal: 'Travel Time:

      {$TravelTime} min'
--- !u!114 &114342484929984376
MonoBehaviour:
  m_ObjectHideFlags: 0
  m_CorrespondingSourceObject: {fileID: 0}
  m_PrefabInstance: {fileID: 0}
  m_PrefabAsset: {fileID: 0}
  m_GameObject: {fileID: 1216178410606462}
  m_Enabled: 1
  m_EditorHideFlags: 0
  m_Script: {fileID: 11500000, guid: 78c0367bf08d147bd80b5454de50e9d4, type: 3}
  m_Name: 
  m_EditorClassIdentifier: 
  m_Key: 114342484929984376_03c5df609d9672e46a702bfa9db62a7f
  m_ItemId: 43
  m_ParentFlowchartItem: {fileID: 114091030627554456}
  m_WaitUntilFinished:
    m_VariableDataType: 0
    m_Variable: {fileID: 0}
    m_Command: {fileID: 0}
    m_Localize: 0
    m_DataVal: 0
  m_IndentLevel: 0
  m_CommandIndex: 3
  m_TextComponent:
    m_VariableDataType: 0
    m_Variable: {fileID: 0}
    m_Command: {fileID: 0}
    m_Localize: 0
    m_DataVal: {fileID: 0}
  m_Text:
    m_VariableDataType: 0
    m_Variable: {fileID: 0}
    m_Command: {fileID: 0}
    m_Localize: 1
    m_DataVal: 'Roadblocks:

      {$RoadblockCount}/10'
--- !u!114 &114091030627554456
MonoBehaviour:
  m_ObjectHideFlags: 0
  m_CorrespondingSourceObject: {fileID: 0}
  m_PrefabInstance: {fileID: 0}
  m_PrefabAsset: {fileID: 0}
  m_GameObject: {fileID: 1216178410606462}
  m_Enabled: 1
  m_EditorHideFlags: 0
  m_Script: {fileID: 11500000, guid: 3d3d73aef2cfc4f51abf34ac00241f60, type: 3}
  m_Name: 
  m_EditorClassIdentifier: 
  m_Key: 114091030627554456_03c5df609d9672e46a702bfa9db62a7f
  m_ItemId: 42
  m_ParentFlowchartItem: {fileID: 0}
  m_TemplateBlock: {fileID: 0}
  m_NodePosition: {x: 100, y: 50}
  m_BlockName: UPDATE
  m_Scope: 0
  m_Description: 
  m_Parameters: []
  m_ReturnTypeName: 
  m_EventHandler: {fileID: 114309672709796512}
  m_Commands:
  - {fileID: 114322401107729716}
  - {fileID: 114229508809295448}
  - {fileID: 114621578331408906}
  - {fileID: 114342484929984376}
  - {fileID: 114294135784325946}
  - {fileID: 114911000189401568}
  - {fileID: 114634689034304936}
  - {fileID: 114124405092831286}
  - {fileID: 114884458978455212}
  - {fileID: 114316507251297252}
  - {fileID: 114919689749375018}
  - {fileID: 114413489308485144}
--- !u!114 &114309672709796512
MonoBehaviour:
  m_ObjectHideFlags: 0
  m_CorrespondingSourceObject: {fileID: 0}
  m_PrefabInstance: {fileID: 0}
  m_PrefabAsset: {fileID: 0}
  m_GameObject: {fileID: 1216178410606462}
  m_Enabled: 1
  m_EditorHideFlags: 0
  m_Script: {fileID: 11500000, guid: bea3c22a26e4cca429a1832f7c7af61c, type: 3}
  m_Name: 
  m_EditorClassIdentifier: 
  m_Key: 114309672709796512_03c5df609d9672e46a702bfa9db62a7f
  m_ItemId: 45
  m_ParentFlowchartItem: {fileID: 114091030627554456}
--- !u!114 &114322401107729716
MonoBehaviour:
  m_ObjectHideFlags: 0
  m_CorrespondingSourceObject: {fileID: 0}
  m_PrefabInstance: {fileID: 0}
  m_PrefabAsset: {fileID: 0}
  m_GameObject: {fileID: 1216178410606462}
  m_Enabled: 1
  m_EditorHideFlags: 0
  m_Script: {fileID: 11500000, guid: 3f37fae432a47b0428ab30d2c9058934, type: 3}
  m_Name: 
  m_EditorClassIdentifier: 
  m_Key: 114322401107729716_03c5df609d9672e46a702bfa9db62a7f
  m_ItemId: 46
  m_ParentFlowchartItem: {fileID: 114091030627554456}
  m_WaitUntilFinished:
    m_VariableDataType: 0
    m_Variable: {fileID: 0}
    m_Command: {fileID: 0}
    m_Localize: 0
    m_DataVal: 0
  m_IndentLevel: 0
  m_CommandIndex: 0
  m_LineRenderer:
    m_VariableDataType: 0
    m_Variable: {fileID: 0}
    m_Command: {fileID: 0}
    m_Localize: 0
    m_DataVal: {fileID: 0}
  m_ReturnVariable: {fileID: 114438699603219000}
--- !u!114 &114438699603219000
MonoBehaviour:
  m_ObjectHideFlags: 0
  m_CorrespondingSourceObject: {fileID: 0}
  m_PrefabInstance: {fileID: 0}
  m_PrefabAsset: {fileID: 0}
  m_GameObject: {fileID: 1216178410606462}
  m_Enabled: 1
  m_EditorHideFlags: 0
  m_Script: {fileID: 11500000, guid: afb91b566ceda411bad1e9d3c3243ecc, type: 3}
  m_Name: 
  m_EditorClassIdentifier: 
  m_Key: 114438699603219000_03c5df609d9672e46a702bfa9db62a7f
  m_ItemId: -1
  m_ParentFlowchartItem: {fileID: 114322401107729716}
  m_TemplateVariable: {fileID: 0}
  m_VariableName: PathLength
  m_Scope: 0
  m_Localize: 0
  m_VariableIndex: 1
  m_Value: 0
--- !u!114 &114485857652138858
MonoBehaviour:
  m_ObjectHideFlags: 0
  m_CorrespondingSourceObject: {fileID: 0}
  m_PrefabInstance: {fileID: 0}
  m_PrefabAsset: {fileID: 0}
  m_GameObject: {fileID: 1216178410606462}
  m_Enabled: 1
  m_EditorHideFlags: 0
  m_Script: {fileID: 11500000, guid: 705fa1ac97df74e3a84ff952ffd923f1, type: 3}
  m_Name: 
  m_EditorClassIdentifier: 
  m_Key: 114485857652138858_03c5df609d9672e46a702bfa9db62a7f
  m_ItemId: -1
  m_ParentFlowchartItem: {fileID: 114229508809295448}
  m_TemplateVariable: {fileID: 0}
  m_VariableName: TravelTime
  m_Scope: 2
  m_Localize: 0
  m_VariableIndex: 2
  m_Value: 0
--- !u!114 &114621578331408906
MonoBehaviour:
  m_ObjectHideFlags: 0
  m_CorrespondingSourceObject: {fileID: 0}
  m_PrefabInstance: {fileID: 0}
  m_PrefabAsset: {fileID: 0}
  m_GameObject: {fileID: 1216178410606462}
  m_Enabled: 1
  m_EditorHideFlags: 0
  m_Script: {fileID: 11500000, guid: fb77d0ce495044f6e9feb91b31798e8c, type: 3}
  m_Name: 
  m_EditorClassIdentifier: 
  m_Key: 114621578331408906_03c5df609d9672e46a702bfa9db62a7f
  m_ItemId: 49
  m_ParentFlowchartItem: {fileID: 114091030627554456}
  m_WaitUntilFinished:
    m_VariableDataType: 0
    m_Variable: {fileID: 0}
    m_Command: {fileID: 0}
    m_Localize: 0
    m_DataVal: 0
  m_IndentLevel: 0
  m_CommandIndex: 2
  m_Variable: {fileID: 114485857652138858}
  m_Operation: 5
  m_Value:
    m_VariableDataType: 0
    m_Variable: {fileID: 0}
    m_Command: {fileID: 0}
    m_Localize: 0
    m_DataVal:
      m_ValueTypeName: System.Single, mscorlib
      m_UseDynamicValueType: 0
      m_SerializedValue: 10.0
      m_ObjectReferenceValue: {fileID: 0}
      m_ObjectReferenceListValue: []
--- !u!114 &114229508809295448
MonoBehaviour:
  m_ObjectHideFlags: 0
  m_CorrespondingSourceObject: {fileID: 0}
  m_PrefabInstance: {fileID: 0}
  m_PrefabAsset: {fileID: 0}
  m_GameObject: {fileID: 1216178410606462}
  m_Enabled: 1
  m_EditorHideFlags: 0
  m_Script: {fileID: 11500000, guid: fb77d0ce495044f6e9feb91b31798e8c, type: 3}
  m_Name: 
  m_EditorClassIdentifier: 
  m_Key: 114229508809295448_03c5df609d9672e46a702bfa9db62a7f
  m_ItemId: 48
  m_ParentFlowchartItem: {fileID: 114091030627554456}
  m_WaitUntilFinished:
    m_VariableDataType: 0
    m_Variable: {fileID: 0}
    m_Command: {fileID: 0}
    m_Localize: 0
    m_DataVal: 0
  m_IndentLevel: 0
  m_CommandIndex: 1
  m_Variable: {fileID: 114485857652138858}
  m_Operation: 0
  m_Value:
    m_VariableDataType: 1
    m_Variable: {fileID: 114438699603219000}
    m_Command: {fileID: 0}
    m_Localize: 0
    m_DataVal:
      m_ValueTypeName: System.Single, mscorlib
      m_UseDynamicValueType: 0
      m_SerializedValue: 0.0
      m_ObjectReferenceValue: {fileID: 0}
      m_ObjectReferenceListValue: []
--- !u!114 &114884458978455212
MonoBehaviour:
  m_ObjectHideFlags: 0
  m_CorrespondingSourceObject: {fileID: 0}
  m_PrefabInstance: {fileID: 0}
  m_PrefabAsset: {fileID: 0}
  m_GameObject: {fileID: 1216178410606462}
  m_Enabled: 1
  m_EditorHideFlags: 0
  m_Script: {fileID: 11500000, guid: 70c5622b8a80845c980954170295f292, type: 3}
  m_Name: 
  m_EditorClassIdentifier: 
  m_Key: 114884458978455212_03c5df609d9672e46a702bfa9db62a7f
  m_ItemId: 50
  m_ParentFlowchartItem: {fileID: 114091030627554456}
  m_WaitUntilFinished:
    m_VariableDataType: 0
    m_Variable: {fileID: 0}
    m_Command: {fileID: 0}
    m_Localize: 0
    m_DataVal: 0
  m_IndentLevel: 0
  m_CommandIndex: 8
  m_Conditions:
  - m_VariableData:
      m_VariableDataType: 1
      m_Variable: {fileID: 114072567730354708}
      m_Command: {fileID: 0}
      m_Localize: 0
    m_CompareOperator: 3
    m_Value:
      m_VariableDataType: 0
      m_Variable: {fileID: 0}
      m_Command: {fileID: 0}
      m_Localize: 0
      m_DataVal:
        m_ValueTypeName: System.Int32, mscorlib
        m_UseDynamicValueType: 0
        m_SerializedValue: 10
        m_ObjectReferenceValue: {fileID: 0}
        m_ObjectReferenceListValue: []
  m_CheckIf: 0
--- !u!114 &114316507251297252
MonoBehaviour:
  m_ObjectHideFlags: 0
  m_CorrespondingSourceObject: {fileID: 0}
  m_PrefabInstance: {fileID: 0}
  m_PrefabAsset: {fileID: 0}
  m_GameObject: {fileID: 1216178410606462}
  m_Enabled: 1
  m_EditorHideFlags: 0
  m_Script: {fileID: 11500000, guid: 0f829dcc1cfdcd44a9c3bbb0bccc640e, type: 3}
  m_Name: 
  m_EditorClassIdentifier: 
  m_Key: 114316507251297252_03c5df609d9672e46a702bfa9db62a7f
  m_ItemId: 51
  m_ParentFlowchartItem: {fileID: 114091030627554456}
  m_WaitUntilFinished:
    m_VariableDataType: 0
    m_Variable: {fileID: 0}
    m_Command: {fileID: 0}
    m_Localize: 0
    m_DataVal: 0
  m_IndentLevel: 1
  m_CommandIndex: 9
  m_Duration:
    m_VariableDataType: 0
    m_Variable: {fileID: 0}
    m_Command: {fileID: 0}
    m_Localize: 0
    m_DataVal: 0
  m_SpeedBased:
    m_VariableDataType: 0
    m_Variable: {fileID: 0}
    m_Command: {fileID: 0}
    m_Localize: 0
    m_DataVal: 0
  m_Relative:
    m_VariableDataType: 0
    m_Variable: {fileID: 0}
    m_Command: {fileID: 0}
    m_Localize: 0
    m_DataVal: 0
  m_Ease:
    m_VariableDataType: 0
    m_Variable: {fileID: 0}
    m_Command: {fileID: 0}
    m_Localize: 0
    m_DataVal: 1
  m_LoopCount:
    m_VariableDataType: 0
    m_Variable: {fileID: 0}
    m_Command: {fileID: 0}
    m_Localize: 0
    m_DataVal: 0
  m_LoopType:
    m_VariableDataType: 0
    m_Variable: {fileID: 0}
    m_Command: {fileID: 0}
    m_Localize: 0
    m_DataVal: 0
  m_ReturnVariable: {fileID: 0}
  m_Text:
    m_VariableDataType: 0
    m_Variable: {fileID: 0}
    m_Command: {fileID: 0}
    m_Localize: 0
    m_DataVal: {fileID: 0}
  m_Color:
    m_VariableDataType: 0
    m_Variable: {fileID: 0}
    m_Command: {fileID: 0}
    m_Localize: 0
    m_DataVal: {r: 1, g: 0, b: 0, a: 1}
--- !u!114 &114919689749375018
MonoBehaviour:
  m_ObjectHideFlags: 0
  m_CorrespondingSourceObject: {fileID: 0}
  m_PrefabInstance: {fileID: 0}
  m_PrefabAsset: {fileID: 0}
  m_GameObject: {fileID: 1216178410606462}
  m_Enabled: 1
  m_EditorHideFlags: 0
  m_Script: {fileID: 11500000, guid: 3fa968f01a7f9496bb50e13dfe16760d, type: 3}
  m_Name: 
  m_EditorClassIdentifier: 
  m_Key: 114919689749375018_03c5df609d9672e46a702bfa9db62a7f
  m_ItemId: 52
  m_ParentFlowchartItem: {fileID: 114091030627554456}
  m_WaitUntilFinished:
    m_VariableDataType: 0
    m_Variable: {fileID: 0}
    m_Command: {fileID: 0}
    m_Localize: 0
    m_DataVal: 0
  m_IndentLevel: 0
  m_CommandIndex: 10
--- !u!114 &114413489308485144
MonoBehaviour:
  m_ObjectHideFlags: 0
  m_CorrespondingSourceObject: {fileID: 0}
  m_PrefabInstance: {fileID: 0}
  m_PrefabAsset: {fileID: 0}
  m_GameObject: {fileID: 1216178410606462}
  m_Enabled: 1
  m_EditorHideFlags: 0
  m_Script: {fileID: 11500000, guid: 0f829dcc1cfdcd44a9c3bbb0bccc640e, type: 3}
  m_Name: 
  m_EditorClassIdentifier: 
  m_Key: 114413489308485144_03c5df609d9672e46a702bfa9db62a7f
  m_ItemId: 53
  m_ParentFlowchartItem: {fileID: 114091030627554456}
  m_WaitUntilFinished:
    m_VariableDataType: 0
    m_Variable: {fileID: 0}
    m_Command: {fileID: 0}
    m_Localize: 0
    m_DataVal: 0
  m_IndentLevel: 1
  m_CommandIndex: 11
  m_Duration:
    m_VariableDataType: 0
    m_Variable: {fileID: 0}
    m_Command: {fileID: 0}
    m_Localize: 0
    m_DataVal: 0
  m_SpeedBased:
    m_VariableDataType: 0
    m_Variable: {fileID: 0}
    m_Command: {fileID: 0}
    m_Localize: 0
    m_DataVal: 0
  m_Relative:
    m_VariableDataType: 0
    m_Variable: {fileID: 0}
    m_Command: {fileID: 0}
    m_Localize: 0
    m_DataVal: 0
  m_Ease:
    m_VariableDataType: 0
    m_Variable: {fileID: 0}
    m_Command: {fileID: 0}
    m_Localize: 0
    m_DataVal: 1
  m_LoopCount:
    m_VariableDataType: 0
    m_Variable: {fileID: 0}
    m_Command: {fileID: 0}
    m_Localize: 0
    m_DataVal: 0
  m_LoopType:
    m_VariableDataType: 0
    m_Variable: {fileID: 0}
    m_Command: {fileID: 0}
    m_Localize: 0
    m_DataVal: 0
  m_ReturnVariable: {fileID: 0}
  m_Text:
    m_VariableDataType: 0
    m_Variable: {fileID: 0}
    m_Command: {fileID: 0}
    m_Localize: 0
    m_DataVal: {fileID: 0}
  m_Color:
    m_VariableDataType: 0
    m_Variable: {fileID: 0}
    m_Command: {fileID: 0}
    m_Localize: 0
    m_DataVal: {r: 1, g: 1, b: 1, a: 1}
--- !u!114 &114634689034304936
MonoBehaviour:
  m_ObjectHideFlags: 0
  m_CorrespondingSourceObject: {fileID: 0}
  m_PrefabInstance: {fileID: 0}
  m_PrefabAsset: {fileID: 0}
  m_GameObject: {fileID: 1216178410606462}
  m_Enabled: 1
  m_EditorHideFlags: 0
  m_Script: {fileID: 11500000, guid: 6aca30062720fa543bf184c8c6a2c4cf, type: 3}
  m_Name: 
  m_EditorClassIdentifier: 
  m_Key: 114634689034304936_03c5df609d9672e46a702bfa9db62a7f
  m_ItemId: 830
  m_ParentFlowchartItem: {fileID: 114091030627554456}
  m_WaitUntilFinished:
    m_VariableDataType: 0
    m_Variable: {fileID: 0}
    m_Command: {fileID: 0}
    m_Localize: 0
    m_DataVal: 0
  m_IndentLevel: 1
  m_CommandIndex: 6
  m_Duration:
    m_VariableDataType: 0
    m_Variable: {fileID: 0}
    m_Command: {fileID: 0}
    m_Localize: 0
    m_DataVal: 0
  m_SpeedBased:
    m_VariableDataType: 0
    m_Variable: {fileID: 0}
    m_Command: {fileID: 0}
    m_Localize: 0
    m_DataVal: 0
  m_Relative:
    m_VariableDataType: 0
    m_Variable: {fileID: 0}
    m_Command: {fileID: 0}
    m_Localize: 0
    m_DataVal: 0
  m_Ease:
    m_VariableDataType: 0
    m_Variable: {fileID: 0}
    m_Command: {fileID: 0}
    m_Localize: 0
    m_DataVal: 7
  m_LoopCount:
    m_VariableDataType: 0
    m_Variable: {fileID: 0}
    m_Command: {fileID: 0}
    m_Localize: 0
    m_DataVal: 0
  m_LoopType:
    m_VariableDataType: 0
    m_Variable: {fileID: 0}
    m_Command: {fileID: 0}
    m_Localize: 0
    m_DataVal: 0
  m_ReturnVariable: {fileID: 0}
  m_LineRenderer:
    m_VariableDataType: 0
    m_Variable: {fileID: 0}
    m_Command: {fileID: 0}
    m_Localize: 0
    m_DataVal: {fileID: 0}
  m_StartColor:
    m_VariableDataType: 0
    m_Variable: {fileID: 0}
    m_Command: {fileID: 0}
    m_Localize: 0
    m_DataVal: {r: 1, g: 0, b: 0, a: 1}
  m_EndColor:
    m_VariableDataType: 0
    m_Variable: {fileID: 0}
    m_Command: {fileID: 0}
    m_Localize: 0
    m_DataVal: {r: 1, g: 0, b: 0, a: 1}
--- !u!114 &114524410167509364
MonoBehaviour:
  m_ObjectHideFlags: 0
  m_CorrespondingSourceObject: {fileID: 0}
  m_PrefabInstance: {fileID: 0}
  m_PrefabAsset: {fileID: 0}
  m_GameObject: {fileID: 1216178410606462}
  m_Enabled: 1
  m_EditorHideFlags: 0
  m_Script: {fileID: 11500000, guid: 705fa1ac97df74e3a84ff952ffd923f1, type: 3}
  m_Name: 
  m_EditorClassIdentifier: 
  m_Key: 114524410167509364_03c5df609d9672e46a702bfa9db62a7f
  m_ItemId: -1
  m_ParentFlowchartItem: {fileID: 0}
  m_TemplateVariable: {fileID: 0}
  m_VariableName: DistanceBetweenDestinationAndPath
  m_Scope: 0
  m_Localize: 0
  m_VariableIndex: 3
  m_Value: 0
--- !u!114 &114523144525461944
MonoBehaviour:
  m_ObjectHideFlags: 0
  m_CorrespondingSourceObject: {fileID: 0}
  m_PrefabInstance: {fileID: 0}
  m_PrefabAsset: {fileID: 0}
  m_GameObject: {fileID: 1216178410606462}
  m_Enabled: 1
  m_EditorHideFlags: 0
  m_Script: {fileID: 11500000, guid: 7d3aadc2ad78a3c4e8b6bd65c8d2dad6, type: 3}
  m_Name: 
  m_EditorClassIdentifier: 
  m_Key: 114523144525461944_03c5df609d9672e46a702bfa9db62a7f
  m_ItemId: 829
  m_ParentFlowchartItem: {fileID: 114911000189401568}
  m_WaitUntilFinished:
    m_VariableDataType: 0
    m_Variable: {fileID: 0}
    m_Command: {fileID: 0}
    m_Localize: 0
    m_DataVal: 0
  m_IndentLevel: 0
  m_CommandIndex: -1
  m_Block:
    m_VariableDataType: 0
    m_Variable: {fileID: 0}
    m_Command: {fileID: 0}
    m_Localize: 0
    m_DataVal: {fileID: 114880231142809210}
  m_ReturnVariable: {fileID: 0}
--- !u!114 &114156114348127628
MonoBehaviour:
  m_ObjectHideFlags: 0
  m_CorrespondingSourceObject: {fileID: 0}
  m_PrefabInstance: {fileID: 0}
  m_PrefabAsset: {fileID: 0}
  m_GameObject: {fileID: 1216178410606462}
  m_Enabled: 1
  m_EditorHideFlags: 0
  m_Script: {fileID: 11500000, guid: 6aca30062720fa543bf184c8c6a2c4cf, type: 3}
  m_Name: 
  m_EditorClassIdentifier: 
  m_Key: 114156114348127628_03c5df609d9672e46a702bfa9db62a7f
  m_ItemId: 831
  m_ParentFlowchartItem: {fileID: 114880231142809210}
  m_WaitUntilFinished:
    m_VariableDataType: 0
    m_Variable: {fileID: 0}
    m_Command: {fileID: 0}
    m_Localize: 0
    m_DataVal: 0
  m_IndentLevel: 0
  m_CommandIndex: 1
  m_Duration:
    m_VariableDataType: 0
    m_Variable: {fileID: 0}
    m_Command: {fileID: 0}
    m_Localize: 0
    m_DataVal: 0.5
  m_SpeedBased:
    m_VariableDataType: 0
    m_Variable: {fileID: 0}
    m_Command: {fileID: 0}
    m_Localize: 0
    m_DataVal: 0
  m_Relative:
    m_VariableDataType: 0
    m_Variable: {fileID: 0}
    m_Command: {fileID: 0}
    m_Localize: 0
    m_DataVal: 0
  m_Ease:
    m_VariableDataType: 0
    m_Variable: {fileID: 0}
    m_Command: {fileID: 0}
    m_Localize: 0
    m_DataVal: 7
  m_LoopCount:
    m_VariableDataType: 0
    m_Variable: {fileID: 0}
    m_Command: {fileID: 0}
    m_Localize: 0
    m_DataVal: 0
  m_LoopType:
    m_VariableDataType: 0
    m_Variable: {fileID: 0}
    m_Command: {fileID: 0}
    m_Localize: 0
    m_DataVal: 0
  m_ReturnVariable: {fileID: 0}
  m_LineRenderer:
    m_VariableDataType: 0
    m_Variable: {fileID: 0}
    m_Command: {fileID: 0}
    m_Localize: 0
    m_DataVal: {fileID: 0}
  m_StartColor:
    m_VariableDataType: 0
    m_Variable: {fileID: 0}
    m_Command: {fileID: 0}
    m_Localize: 0
    m_DataVal: {r: 0.17254902, g: 0.7607843, b: 0.88235295, a: 1}
  m_EndColor:
    m_VariableDataType: 0
    m_Variable: {fileID: 0}
    m_Command: {fileID: 0}
    m_Localize: 0
    m_DataVal: {r: 0.17254902, g: 0.7607843, b: 0.88235295, a: 1}
--- !u!114 &114124405092831286
MonoBehaviour:
  m_ObjectHideFlags: 0
  m_CorrespondingSourceObject: {fileID: 0}
  m_PrefabInstance: {fileID: 0}
  m_PrefabAsset: {fileID: 0}
  m_GameObject: {fileID: 1216178410606462}
  m_Enabled: 1
  m_EditorHideFlags: 0
  m_Script: {fileID: 11500000, guid: 93cb9773f2ca04e2bbf7a68ccfc23267, type: 3}
  m_Name: 
  m_EditorClassIdentifier: 
  m_Key: 114124405092831286_03c5df609d9672e46a702bfa9db62a7f
  m_ItemId: 827
  m_ParentFlowchartItem: {fileID: 114091030627554456}
  m_WaitUntilFinished:
    m_VariableDataType: 0
    m_Variable: {fileID: 0}
    m_Command: {fileID: 0}
    m_Localize: 0
    m_DataVal: 0
  m_IndentLevel: 0
  m_CommandIndex: 7
--- !u!114 &114783450079944380
MonoBehaviour:
  m_ObjectHideFlags: 0
  m_CorrespondingSourceObject: {fileID: 0}
  m_PrefabInstance: {fileID: 0}
  m_PrefabAsset: {fileID: 0}
  m_GameObject: {fileID: 1216178410606462}
  m_Enabled: 1
  m_EditorHideFlags: 0
  m_Script: {fileID: 11500000, guid: b639b31478b97c146aa20595f240e172, type: 3}
  m_Name: 
  m_EditorClassIdentifier: 
  m_Key: 114783450079944380_03c5df609d9672e46a702bfa9db62a7f
  m_ItemId: 833
  m_ParentFlowchartItem: {fileID: 114880231142809210}
  m_WaitUntilFinished:
    m_VariableDataType: 0
    m_Variable: {fileID: 0}
    m_Command: {fileID: 0}
    m_Localize: 0
    m_DataVal: 0
  m_IndentLevel: 0
  m_CommandIndex: 3
  m_AudioTarget: 0
  m_AudioSource:
    m_VariableDataType: 0
    m_Variable: {fileID: 0}
    m_Command: {fileID: 0}
    m_Localize: 0
    m_DataVal: {fileID: 82674247591015888, guid: b95a52e0539f46d4c8374b6b9e1788e8,
      type: 3}
  m_AudioMixerGroup:
    m_VariableDataType: 0
    m_Variable: {fileID: 0}
    m_Command: {fileID: 0}
    m_Localize: 0
    m_DataVal: {fileID: 0}
  m_FadeDuration:
    m_VariableDataType: 0
    m_Variable: {fileID: 0}
    m_Command: {fileID: 0}
    m_Localize: 0
    m_DataVal: 0.4
--- !u!114 &114964652226590472
MonoBehaviour:
  m_ObjectHideFlags: 0
  m_CorrespondingSourceObject: {fileID: 0}
  m_PrefabInstance: {fileID: 0}
  m_PrefabAsset: {fileID: 0}
  m_GameObject: {fileID: 1216178410606462}
  m_Enabled: 1
  m_EditorHideFlags: 0
  m_Script: {fileID: 11500000, guid: e0c4b3d296f148447aa04a0180071833, type: 3}
  m_Name: 
  m_EditorClassIdentifier: 
  m_Key: 114964652226590472_03c5df609d9672e46a702bfa9db62a7f
  m_ItemId: 824
  m_ParentFlowchartItem: {fileID: 114911000189401568}
  m_WaitUntilFinished:
    m_VariableDataType: 0
    m_Variable: {fileID: 0}
    m_Command: {fileID: 0}
    m_Localize: 0
    m_DataVal: 0
  m_IndentLevel: 0
  m_CommandIndex: -1
  m_LineRenderer:
    m_VariableDataType: 0
    m_Variable: {fileID: 0}
    m_Command: {fileID: 0}
    m_Localize: 0
    m_DataVal: {fileID: 0}
  m_Point:
    m_VariableDataType: 0
    m_Variable: {fileID: 0}
    m_Command: {fileID: 0}
    m_Localize: 0
    m_DataVal: {x: 13, y: 11.75, z: 0}
  m_ReturnVariable: {fileID: 0}
--- !u!114 &114911000189401568
MonoBehaviour:
  m_ObjectHideFlags: 0
  m_CorrespondingSourceObject: {fileID: 0}
  m_PrefabInstance: {fileID: 0}
  m_PrefabAsset: {fileID: 0}
  m_GameObject: {fileID: 1216178410606462}
  m_Enabled: 1
  m_EditorHideFlags: 0
  m_Script: {fileID: 11500000, guid: 70c5622b8a80845c980954170295f292, type: 3}
  m_Name: 
  m_EditorClassIdentifier: 
  m_Key: 114911000189401568_03c5df609d9672e46a702bfa9db62a7f
  m_ItemId: 825
  m_ParentFlowchartItem: {fileID: 114091030627554456}
  m_WaitUntilFinished:
    m_VariableDataType: 0
    m_Variable: {fileID: 0}
    m_Command: {fileID: 0}
    m_Localize: 0
    m_DataVal: 0
  m_IndentLevel: 0
  m_CommandIndex: 5
  m_Conditions:
  - m_VariableData:
      m_VariableDataType: 2
      m_Variable: {fileID: 0}
      m_Command: {fileID: 114523144525461944}
      m_Localize: 0
    m_CompareOperator: 0
    m_Value:
      m_VariableDataType: 0
      m_Variable: {fileID: 0}
      m_Command: {fileID: 0}
      m_Localize: 0
      m_DataVal:
        m_ValueTypeName: System.Boolean, mscorlib
        m_UseDynamicValueType: 0
        m_SerializedValue: false
        m_ObjectReferenceValue: {fileID: 0}
        m_ObjectReferenceListValue: []
  - m_VariableData:
      m_VariableDataType: 2
      m_Variable: {fileID: 0}
      m_Command: {fileID: 114964652226590472}
      m_Localize: 0
    m_CompareOperator: 3
    m_Value:
      m_VariableDataType: 0
      m_Variable: {fileID: 0}
      m_Command: {fileID: 0}
      m_Localize: 0
      m_DataVal:
        m_ValueTypeName: System.Single, mscorlib
        m_UseDynamicValueType: 0
        m_SerializedValue: 0.009999999776482582
        m_ObjectReferenceValue: {fileID: 0}
        m_ObjectReferenceListValue: []
  m_CheckIf: 0
--- !u!114 &114585537070862436
MonoBehaviour:
  m_ObjectHideFlags: 0
  m_CorrespondingSourceObject: {fileID: 0}
  m_PrefabInstance: {fileID: 0}
  m_PrefabAsset: {fileID: 0}
  m_GameObject: {fileID: 1216178410606462}
  m_Enabled: 1
  m_EditorHideFlags: 0
  m_Script: {fileID: 11500000, guid: 6d491c11b6ed69c409abbf25b64be2f0, type: 3}
  m_Name: 
  m_EditorClassIdentifier: 
  m_Key: 114585537070862436_03c5df609d9672e46a702bfa9db62a7f
  m_ItemId: 832
  m_ParentFlowchartItem: {fileID: 114880231142809210}
  m_WaitUntilFinished:
    m_VariableDataType: 0
    m_Variable: {fileID: 0}
    m_Command: {fileID: 0}
    m_Localize: 0
    m_DataVal: 0
  m_IndentLevel: 0
  m_CommandIndex: 0
  m_AudioSource:
    m_VariableDataType: 0
    m_Variable: {fileID: 0}
    m_Command: {fileID: 0}
    m_Localize: 0
    m_DataVal: {fileID: 82674247591015888, guid: b95a52e0539f46d4c8374b6b9e1788e8,
      type: 3}
  m_FadeDuration:
    m_VariableDataType: 0
    m_Variable: {fileID: 0}
    m_Command: {fileID: 0}
    m_Localize: 0
    m_DataVal: 0
  m_Loop:
    m_VariableDataType: 0
    m_Variable: {fileID: 0}
    m_Command: {fileID: 0}
    m_Localize: 0
    m_DataVal: 1
--- !u!114 &114159252173182126
MonoBehaviour:
  m_ObjectHideFlags: 0
  m_CorrespondingSourceObject: {fileID: 0}
  m_PrefabInstance: {fileID: 0}
  m_PrefabAsset: {fileID: 0}
  m_GameObject: {fileID: 1216178410606462}
  m_Enabled: 1
  m_EditorHideFlags: 0
  m_Script: {fileID: 11500000, guid: a11639ee787843546b702552231c2128, type: 3}
  m_Name: 
  m_EditorClassIdentifier: 
  m_Key: 114159252173182126_03c5df609d9672e46a702bfa9db62a7f
  m_ItemId: 834
  m_ParentFlowchartItem: {fileID: 0}
  m_WaitUntilFinished:
    m_VariableDataType: 0
    m_Variable: {fileID: 0}
    m_Command: {fileID: 0}
    m_Localize: 0
    m_DataVal: 0
  m_IndentLevel: 0
  m_CommandIndex: 0
  m_LineRenderer:
    m_VariableDataType: 0
    m_Variable: {fileID: 0}
    m_Command: {fileID: 0}
    m_Localize: 0
    m_DataVal: {fileID: 0}
  m_ReturnVariable: {fileID: 0}
--- !u!114 &114195560541664344
MonoBehaviour:
  m_ObjectHideFlags: 0
  m_CorrespondingSourceObject: {fileID: 0}
  m_PrefabInstance: {fileID: 0}
  m_PrefabAsset: {fileID: 0}
  m_GameObject: {fileID: 1216178410606462}
  m_Enabled: 1
  m_EditorHideFlags: 0
  m_Script: {fileID: 11500000, guid: a11639ee787843546b702552231c2128, type: 3}
  m_Name: 
  m_EditorClassIdentifier: 
  m_Key: 114195560541664344_03c5df609d9672e46a702bfa9db62a7f
  m_ItemId: 835
  m_ParentFlowchartItem: {fileID: 0}
  m_WaitUntilFinished:
    m_VariableDataType: 0
    m_Variable: {fileID: 0}
    m_Command: {fileID: 0}
    m_Localize: 0
    m_DataVal: 0
  m_IndentLevel: 0
  m_CommandIndex: 0
  m_LineRenderer:
    m_VariableDataType: 0
    m_Variable: {fileID: 0}
    m_Command: {fileID: 0}
    m_Localize: 0
    m_DataVal: {fileID: 0}
  m_ReturnVariable: {fileID: 0}
