%YAML 1.1
%TAG !u! tag:unity3d.com,2011:
--- !u!1 &1335132804078446
GameObject:
  m_ObjectHideFlags: 0
  m_CorrespondingSourceObject: {fileID: 0}
  m_PrefabInstance: {fileID: 0}
  m_PrefabAsset: {fileID: 0}
  serializedVersion: 6
  m_Component:
  - component: {fileID: 4783544049430730}
  - component: {fileID: 114097465248604468}
  - component: {fileID: 114116584142824984}
  - component: {fileID: 114692870080366752}
  - component: {fileID: 114265127465217410}
  - component: {fileID: 114862617113865758}
  - component: {fileID: 114105540292806154}
  - component: {fileID: 114109406725742482}
  - component: {fileID: 114807491535098324}
  - component: {fileID: 114287192138659628}
  - component: {fileID: 114037713372793030}
  - component: {fileID: 114267823530035116}
  - component: {fileID: 114767585403307714}
  - component: {fileID: 114556477781223650}
  - component: {fileID: 114048638021045330}
  - component: {fileID: 114346778763036902}
  - component: {fileID: 114142509290752580}
  - component: {fileID: 114100087802042710}
  - component: {fileID: 114716751122318960}
  m_Layer: 0
  m_Name: LocationTemplate
  m_TagString: Untagged
  m_Icon: {fileID: 0}
  m_NavMeshLayer: 0
  m_StaticEditorFlags: 0
  m_IsActive: 1
--- !u!4 &4783544049430730
Transform:
  m_ObjectHideFlags: 0
  m_CorrespondingSourceObject: {fileID: 0}
  m_PrefabInstance: {fileID: 0}
  m_PrefabAsset: {fileID: 0}
  m_GameObject: {fileID: 1335132804078446}
  m_LocalRotation: {x: -0, y: -0, z: -0, w: 1}
  m_LocalPosition: {x: 0, y: 0, z: 0}
  m_LocalScale: {x: 1, y: 1, z: 1}
  m_Children: []
  m_Father: {fileID: 0}
  m_RootOrder: 0
  m_LocalEulerAnglesHint: {x: 0, y: 0, z: 0}
--- !u!114 &114097465248604468
MonoBehaviour:
  m_ObjectHideFlags: 0
  m_CorrespondingSourceObject: {fileID: 0}
  m_PrefabInstance: {fileID: 0}
  m_PrefabAsset: {fileID: 0}
  m_GameObject: {fileID: 1335132804078446}
  m_Enabled: 1
  m_EditorHideFlags: 0
  m_Script: {fileID: 11500000, guid: 7a334fe2ffb574b3583ff3b18b4792d3, type: 3}
  m_Name: 
  m_EditorClassIdentifier: 
  m_Key: 114097465248604468_21e5b9d04668f594797b63947e508204
  m_Version: 1.0
  m_TemplateFlowchart: {fileID: 0}
  m_Description: 
  m_StepPause: 0
  m_PauseOnEnable: 0
  m_HideComponents: 1
  m_Logging: 0
  m_NodePosition: {x: -430, y: 0}
  m_Blocks: []
  m_Variables:
  - {fileID: 114116584142824984}
  - {fileID: 114692870080366752}
  - {fileID: 114267823530035116}
  - {fileID: 114265127465217410}
  - {fileID: 114862617113865758}
  - {fileID: 114105540292806154}
  - {fileID: 114109406725742482}
  - {fileID: 114346778763036902}
  - {fileID: 114142509290752580}
  - {fileID: 114716751122318960}
  - {fileID: 114100087802042710}
  - {fileID: 114807491535098324}
  - {fileID: 114287192138659628}
  - {fileID: 114037713372793030}
  - {fileID: 114767585403307714}
  - {fileID: 114556477781223650}
  - {fileID: 114048638021045330}
--- !u!114 &114116584142824984
MonoBehaviour:
  m_ObjectHideFlags: 0
  m_CorrespondingSourceObject: {fileID: 0}
  m_PrefabInstance: {fileID: 0}
  m_PrefabAsset: {fileID: 0}
  m_GameObject: {fileID: 1335132804078446}
  m_Enabled: 1
  m_EditorHideFlags: 0
  m_Script: {fileID: 11500000, guid: 4580f28dd8581476b810b38eea2f1316, type: 3}
  m_Name: 
  m_EditorClassIdentifier: 
  m_Key: 114116584142824984_21e5b9d04668f594797b63947e508204
  m_ItemId: -1
  m_ParentFlowchartItem: {fileID: 0}
  m_TemplateVariable: {fileID: 0}
  m_VariableName: LOCATION_NAME
  m_Scope: 1
  m_Localize: 1
  m_VariableIndex: 0
  m_Value: 
--- !u!114 &114692870080366752
MonoBehaviour:
  m_ObjectHideFlags: 0
  m_CorrespondingSourceObject: {fileID: 0}
  m_PrefabInstance: {fileID: 0}
  m_PrefabAsset: {fileID: 0}
  m_GameObject: {fileID: 1335132804078446}
  m_Enabled: 1
  m_EditorHideFlags: 0
  m_Script: {fileID: 11500000, guid: afb91b566ceda411bad1e9d3c3243ecc, type: 3}
  m_Name: 
  m_EditorClassIdentifier: 
  m_Key: 114692870080366752_21e5b9d04668f594797b63947e508204
  m_ItemId: -1
  m_ParentFlowchartItem: {fileID: 0}
  m_TemplateVariable: {fileID: 0}
  m_VariableName: REPUTATION
  m_Scope: 2
  m_Localize: 0
  m_VariableIndex: 1
  m_Value: 3
--- !u!114 &114265127465217410
MonoBehaviour:
  m_ObjectHideFlags: 0
  m_CorrespondingSourceObject: {fileID: 0}
  m_PrefabInstance: {fileID: 0}
  m_PrefabAsset: {fileID: 0}
  m_GameObject: {fileID: 1335132804078446}
  m_Enabled: 1
  m_EditorHideFlags: 0
  m_Script: {fileID: 11500000, guid: 5d02d9822eec54c98afe95bb497211b3, type: 3}
  m_Name: 
  m_EditorClassIdentifier: 
  m_Key: 114265127465217410_21e5b9d04668f594797b63947e508204
  m_ItemId: -1
  m_ParentFlowchartItem: {fileID: 0}
  m_TemplateVariable: {fileID: 0}
  m_VariableName: LocationClosed
  m_Scope: 2
  m_Localize: 0
  m_VariableIndex: 3
  m_Value: 0
--- !u!114 &114862617113865758
MonoBehaviour:
  m_ObjectHideFlags: 0
  m_CorrespondingSourceObject: {fileID: 0}
  m_PrefabInstance: {fileID: 0}
  m_PrefabAsset: {fileID: 0}
  m_GameObject: {fileID: 1335132804078446}
  m_Enabled: 1
  m_EditorHideFlags: 0
  m_Script: {fileID: 11500000, guid: 5d02d9822eec54c98afe95bb497211b3, type: 3}
  m_Name: 
  m_EditorClassIdentifier: 
  m_Key: 114862617113865758_21e5b9d04668f594797b63947e508204
  m_ItemId: -1
  m_ParentFlowchartItem: {fileID: 0}
  m_TemplateVariable: {fileID: 0}
  m_VariableName: OpenMorning
  m_Scope: 1
  m_Localize: 0
  m_VariableIndex: 4
  m_Value: 0
--- !u!114 &114105540292806154
MonoBehaviour:
  m_ObjectHideFlags: 0
  m_CorrespondingSourceObject: {fileID: 0}
  m_PrefabInstance: {fileID: 0}
  m_PrefabAsset: {fileID: 0}
  m_GameObject: {fileID: 1335132804078446}
  m_Enabled: 1
  m_EditorHideFlags: 0
  m_Script: {fileID: 11500000, guid: 5d02d9822eec54c98afe95bb497211b3, type: 3}
  m_Name: 
  m_EditorClassIdentifier: 
  m_Key: 114105540292806154_21e5b9d04668f594797b63947e508204
  m_ItemId: -1
  m_ParentFlowchartItem: {fileID: 0}
  m_TemplateVariable: {fileID: 0}
  m_VariableName: OpenAfternoon
  m_Scope: 1
  m_Localize: 0
  m_VariableIndex: 5
  m_Value: 0
--- !u!114 &114109406725742482
MonoBehaviour:
  m_ObjectHideFlags: 0
  m_CorrespondingSourceObject: {fileID: 0}
  m_PrefabInstance: {fileID: 0}
  m_PrefabAsset: {fileID: 0}
  m_GameObject: {fileID: 1335132804078446}
  m_Enabled: 1
  m_EditorHideFlags: 0
  m_Script: {fileID: 11500000, guid: 5d02d9822eec54c98afe95bb497211b3, type: 3}
  m_Name: 
  m_EditorClassIdentifier: 
  m_Key: 114109406725742482_21e5b9d04668f594797b63947e508204
  m_ItemId: -1
  m_ParentFlowchartItem: {fileID: 0}
  m_TemplateVariable: {fileID: 0}
  m_VariableName: OpenEvening
  m_Scope: 1
  m_Localize: 0
  m_VariableIndex: 6
  m_Value: 0
--- !u!114 &114807491535098324
MonoBehaviour:
  m_ObjectHideFlags: 0
  m_CorrespondingSourceObject: {fileID: 0}
  m_PrefabInstance: {fileID: 0}
  m_PrefabAsset: {fileID: 0}
  m_GameObject: {fileID: 1335132804078446}
  m_Enabled: 1
  m_EditorHideFlags: 0
  m_Script: {fileID: 11500000, guid: 1b87d01aeedb3ad4e9df23362600a6a7, type: 3}
  m_Name: 
  m_EditorClassIdentifier: 
  m_Key: 114807491535098324_21e5b9d04668f594797b63947e508204
  m_ItemId: -1
  m_ParentFlowchartItem: {fileID: 0}
  m_TemplateVariable: {fileID: 0}
  m_VariableName: MapPinSpin
  m_Scope: 1
  m_Localize: 0
  m_VariableIndex: 11
  m_Value: {fileID: 0}
--- !u!114 &114287192138659628
MonoBehaviour:
  m_ObjectHideFlags: 0
  m_CorrespondingSourceObject: {fileID: 0}
  m_PrefabInstance: {fileID: 0}
  m_PrefabAsset: {fileID: 0}
  m_GameObject: {fileID: 1335132804078446}
  m_Enabled: 1
  m_EditorHideFlags: 0
  m_Script: {fileID: 11500000, guid: 1b87d01aeedb3ad4e9df23362600a6a7, type: 3}
  m_Name: 
  m_EditorClassIdentifier: 
  m_Key: 114287192138659628_21e5b9d04668f594797b63947e508204
  m_ItemId: -1
  m_ParentFlowchartItem: {fileID: 0}
  m_TemplateVariable: {fileID: 0}
  m_VariableName: MapPop
  m_Scope: 1
  m_Localize: 0
  m_VariableIndex: 12
  m_Value: {fileID: 0}
--- !u!114 &114037713372793030
MonoBehaviour:
  m_ObjectHideFlags: 0
  m_CorrespondingSourceObject: {fileID: 0}
  m_PrefabInstance: {fileID: 0}
  m_PrefabAsset: {fileID: 0}
  m_GameObject: {fileID: 1335132804078446}
  m_Enabled: 1
  m_EditorHideFlags: 0
  m_Script: {fileID: 11500000, guid: 4d769ea3513ad47aabf805db5252341d, type: 3}
  m_Name: 
  m_EditorClassIdentifier: 
  m_Key: 114037713372793030_21e5b9d04668f594797b63947e508204
  m_ItemId: -1
  m_ParentFlowchartItem: {fileID: 0}
  m_TemplateVariable: {fileID: 0}
  m_VariableName: MapCoordinates
  m_Scope: 1
  m_Localize: 0
  m_VariableIndex: 13
  m_Value: {x: 0, y: 0, z: 0}
--- !u!114 &114267823530035116
MonoBehaviour:
  m_ObjectHideFlags: 0
  m_CorrespondingSourceObject: {fileID: 0}
  m_PrefabInstance: {fileID: 0}
  m_PrefabAsset: {fileID: 0}
  m_GameObject: {fileID: 1335132804078446}
  m_Enabled: 1
  m_EditorHideFlags: 0
  m_Script: {fileID: 11500000, guid: 5d02d9822eec54c98afe95bb497211b3, type: 3}
  m_Name: 
  m_EditorClassIdentifier: 
  m_Key: 114267823530035116_21e5b9d04668f594797b63947e508204
  m_ItemId: -1
  m_ParentFlowchartItem: {fileID: 0}
  m_TemplateVariable: {fileID: 0}
  m_VariableName: SideCaseAlert
  m_Scope: 2
  m_Localize: 0
  m_VariableIndex: 2
  m_Value: 0
--- !u!114 &114767585403307714
MonoBehaviour:
  m_ObjectHideFlags: 0
  m_CorrespondingSourceObject: {fileID: 0}
  m_PrefabInstance: {fileID: 0}
  m_PrefabAsset: {fileID: 0}
  m_GameObject: {fileID: 1335132804078446}
  m_Enabled: 1
  m_EditorHideFlags: 0
  m_Script: {fileID: 11500000, guid: 73408a7c42475164b95e6d1de276f339, type: 3}
  m_Name: 
  m_EditorClassIdentifier: 
  m_Key: 114767585403307714_21e5b9d04668f594797b63947e508204
  m_ItemId: -1
  m_ParentFlowchartItem: {fileID: 0}
  m_TemplateVariable: {fileID: 0}
  m_VariableName: MusicMorning
  m_Scope: 1
  m_Localize: 0
  m_VariableIndex: 14
  m_Value: {fileID: 0}
--- !u!114 &114556477781223650
MonoBehaviour:
  m_ObjectHideFlags: 0
  m_CorrespondingSourceObject: {fileID: 0}
  m_PrefabInstance: {fileID: 0}
  m_PrefabAsset: {fileID: 0}
  m_GameObject: {fileID: 1335132804078446}
  m_Enabled: 1
  m_EditorHideFlags: 0
  m_Script: {fileID: 11500000, guid: 73408a7c42475164b95e6d1de276f339, type: 3}
  m_Name: 
  m_EditorClassIdentifier: 
  m_Key: 114556477781223650_21e5b9d04668f594797b63947e508204
  m_ItemId: -1
  m_ParentFlowchartItem: {fileID: 0}
  m_TemplateVariable: {fileID: 0}
  m_VariableName: MusicAfternoon
  m_Scope: 1
  m_Localize: 0
  m_VariableIndex: 15
  m_Value: {fileID: 0}
--- !u!114 &114048638021045330
MonoBehaviour:
  m_ObjectHideFlags: 0
  m_CorrespondingSourceObject: {fileID: 0}
  m_PrefabInstance: {fileID: 0}
  m_PrefabAsset: {fileID: 0}
  m_GameObject: {fileID: 1335132804078446}
  m_Enabled: 1
  m_EditorHideFlags: 0
  m_Script: {fileID: 11500000, guid: 73408a7c42475164b95e6d1de276f339, type: 3}
  m_Name: 
  m_EditorClassIdentifier: 
  m_Key: 114048638021045330_21e5b9d04668f594797b63947e508204
  m_ItemId: -1
  m_ParentFlowchartItem: {fileID: 0}
  m_TemplateVariable: {fileID: 0}
  m_VariableName: MusicEvening
  m_Scope: 1
  m_Localize: 0
  m_VariableIndex: 16
  m_Value: {fileID: 0}
--- !u!114 &114346778763036902
MonoBehaviour:
  m_ObjectHideFlags: 0
  m_CorrespondingSourceObject: {fileID: 0}
  m_PrefabInstance: {fileID: 0}
  m_PrefabAsset: {fileID: 0}
  m_GameObject: {fileID: 1335132804078446}
  m_Enabled: 1
  m_EditorHideFlags: 0
  m_Script: {fileID: 11500000, guid: cf67d97824e8c45c5b26fe72bfef82ed, type: 3}
  m_Name: 
  m_EditorClassIdentifier: 
  m_Key: 114346778763036902_21e5b9d04668f594797b63947e508204
  m_ItemId: -1
  m_ParentFlowchartItem: {fileID: 0}
  m_TemplateVariable: {fileID: 0}
  m_VariableName: LocationIcon
  m_Scope: 1
  m_Localize: 0
  m_VariableIndex: 7
  m_Value: {fileID: 0}
--- !u!114 &114142509290752580
MonoBehaviour:
  m_ObjectHideFlags: 0
  m_CorrespondingSourceObject: {fileID: 0}
  m_PrefabInstance: {fileID: 0}
  m_PrefabAsset: {fileID: 0}
  m_GameObject: {fileID: 1335132804078446}
  m_Enabled: 1
  m_EditorHideFlags: 0
  m_Script: {fileID: 11500000, guid: 34cec7bd3202f974ea80cfee327cd142, type: 3}
  m_Name: 
  m_EditorClassIdentifier: 
  m_Key: 114142509290752580_21e5b9d04668f594797b63947e508204
  m_ItemId: -1
  m_ParentFlowchartItem: {fileID: 0}
  m_TemplateVariable: {fileID: 0}
  m_VariableName: MapIconImage
  m_Scope: 1
  m_Localize: 0
  m_VariableIndex: 8
  m_Value: {fileID: 0}
--- !u!114 &114100087802042710
MonoBehaviour:
  m_ObjectHideFlags: 0
  m_CorrespondingSourceObject: {fileID: 0}
  m_PrefabInstance: {fileID: 0}
  m_PrefabAsset: {fileID: 0}
  m_GameObject: {fileID: 1335132804078446}
  m_Enabled: 1
  m_EditorHideFlags: 0
  m_Script: {fileID: 11500000, guid: 34cec7bd3202f974ea80cfee327cd142, type: 3}
  m_Name: 
  m_EditorClassIdentifier: 
  m_Key: 114100087802042710_21e5b9d04668f594797b63947e508204
  m_ItemId: -1
  m_ParentFlowchartItem: {fileID: 0}
  m_TemplateVariable: {fileID: 0}
  m_VariableName: MapPinImage
  m_Scope: 1
  m_Localize: 0
  m_VariableIndex: 10
  m_Value: {fileID: 0}
--- !u!114 &114716751122318960
MonoBehaviour:
  m_ObjectHideFlags: 0
  m_CorrespondingSourceObject: {fileID: 0}
  m_PrefabInstance: {fileID: 0}
  m_PrefabAsset: {fileID: 0}
  m_GameObject: {fileID: 1335132804078446}
  m_Enabled: 1
  m_EditorHideFlags: 0
  m_Script: {fileID: 11500000, guid: b1941e052c0ed4280b25507cd2e6ad8f, type: 3}
  m_Name: 
  m_EditorClassIdentifier: 
  m_Key: 114716751122318960_21e5b9d04668f594797b63947e508204
  m_ItemId: 0
  m_ParentFlowchartItem: {fileID: 0}
  m_TemplateVariable: {fileID: 0}
  m_VariableName: MapPinObject
  m_Scope: 1
  m_Localize: 0
  m_VariableIndex: 9
  m_Value: {fileID: 0}
