%YAML 1.1
%TAG !u! tag:unity3d.com,2011:
--- !u!1 &100000
GameObject:
  m_ObjectHideFlags: 0
  m_CorrespondingSourceObject: {fileID: 0}
  m_PrefabInstance: {fileID: 0}
  m_PrefabAsset: {fileID: 0}
  serializedVersion: 6
  m_Component:
  - component: {fileID: 400000}
  - component: {fileID: 11400000}
  m_Layer: 0
  m_Name: Anna
  m_TagString: Prefab
  m_Icon: {fileID: 0}
  m_NavMeshLayer: 0
  m_StaticEditorFlags: 0
  m_IsActive: 1
--- !u!4 &400000
Transform:
  m_ObjectHideFlags: 0
  m_CorrespondingSourceObject: {fileID: 0}
  m_PrefabInstance: {fileID: 0}
  m_PrefabAsset: {fileID: 0}
  m_GameObject: {fileID: 100000}
  m_LocalRotation: {x: 0, y: 0, z: 0, w: 1}
  m_LocalPosition: {x: 0, y: 0, z: 0}
  m_LocalScale: {x: 1, y: 1, z: 1}
  m_Children:
  - {fileID: 473432}
  m_Father: {fileID: 0}
  m_RootOrder: 0
  m_LocalEulerAnglesHint: {x: 0, y: 0, z: 0}
--- !u!114 &11400000
MonoBehaviour:
  m_ObjectHideFlags: 0
  m_CorrespondingSourceObject: {fileID: 0}
  m_PrefabInstance: {fileID: 0}
  m_PrefabAsset: {fileID: 0}
  m_GameObject: {fileID: 100000}
  m_Enabled: 1
  m_EditorHideFlags: 0
  m_Script: {fileID: 11500000, guid: 25fb867d2049d41f597aefdd6b19f598, type: 3}
  m_Name: 
  m_EditorClassIdentifier: 
  m_Key: 11400000_ce0289acf3ca44c43b58f7cc4b63ad25
  m_DisplayName: ANNA
  m_VoiceSoundEffect: {fileID: 8300000, guid: e53777b355d614b0eb14860ca3e145ba, type: 3}
  m_Color: {r: 1, g: 1, b: 1, a: 1}
  m_TextStyle:
    m_Font: {fileID: 0}
    m_FontSize: 14
    m_FontStyle: 0
    m_BestFit: 0
    m_MinSize: 10
    m_MaxSize: 40
    m_Alignment: 0
    m_AlignByGeometry: 0
    m_RichText: 1
    m_HorizontalOverflow: 0
    m_VerticalOverflow: 0
    m_LineSpacing: 1
  m_Portraits: []
--- !u!1 &112526
GameObject:
  m_ObjectHideFlags: 0
  m_CorrespondingSourceObject: {fileID: 0}
  m_PrefabInstance: {fileID: 0}
  m_PrefabAsset: {fileID: 0}
  serializedVersion: 6
  m_Component:
  - component: {fileID: 473432}
  - component: {fileID: 11473604}
  - component: {fileID: 50955363304634144}
  - component: {fileID: 58733236889822354}
  - component: {fileID: 61599948557918412}
  m_Layer: 0
  m_Name: AnnaWorldSprite
  m_TagString: Untagged
  m_Icon: {fileID: 0}
  m_NavMeshLayer: 0
  m_StaticEditorFlags: 0
  m_IsActive: 1
--- !u!4 &473432
Transform:
  m_ObjectHideFlags: 0
  m_CorrespondingSourceObject: {fileID: 0}
  m_PrefabInstance: {fileID: 0}
  m_PrefabAsset: {fileID: 0}
  m_GameObject: {fileID: 112526}
  m_LocalRotation: {x: 0, y: 0, z: 0, w: 1}
  m_LocalPosition: {x: 0, y: 0, z: 0}
  m_LocalScale: {x: 1, y: 1, z: 1}
  m_Children:
  - {fileID: 423720}
  - {fileID: 415112}
  m_Father: {fileID: 400000}
  m_RootOrder: 0
  m_LocalEulerAnglesHint: {x: 0, y: 0, z: 0}
--- !u!114 &11473604
MonoBehaviour:
  m_ObjectHideFlags: 0
  m_CorrespondingSourceObject: {fileID: 0}
  m_PrefabInstance: {fileID: 0}
  m_PrefabAsset: {fileID: 0}
  m_GameObject: {fileID: 112526}
  m_Enabled: 1
  m_EditorHideFlags: 0
  m_Script: {fileID: 11500000, guid: 2b1b7326647701c42afc5ed2799e5d14, type: 3}
  m_Name: 
  m_EditorClassIdentifier: 
  m_Key: 11473604_ce0289acf3ca44c43b58f7cc4b63ad25
  m_PixelsPerUnit: 32
  m_Skin: 0
  m_Direction: 0
  m_AnimationSpeed: 1
  m_CollisionCollider: {fileID: 58733236889822354}
  m_InteractionCollider: {fileID: 61599948557918412}
  m_Controllable: 0
  m_CanInteract: 1
  m_UseSubmitButtonToInteract: 1
  m_UseMouseClickToInteract: 1
  m_InteractionReachDistance: 0.8
  m_InteractionReachAngle: 45
  m_InteractionReachArcSmoothness: 20
  m_CanMove: 1
  m_ControlledMoveAnimation: {fileID: 11458786}
  m_UseAxisInputToMove: 1
  m_UseMouseClickToMove: 1
  m_AllowDiagonalMovement: 1
  m_LockMovementToGrid: 0
  m_MoveSpeed: 3
  m_SkinNames:
  - Default
  - OldDefault
--- !u!50 &50955363304634144
Rigidbody2D:
  serializedVersion: 4
  m_ObjectHideFlags: 0
  m_CorrespondingSourceObject: {fileID: 0}
  m_PrefabInstance: {fileID: 0}
  m_PrefabAsset: {fileID: 0}
  m_GameObject: {fileID: 112526}
  m_BodyType: 2
  m_Simulated: 1
  m_UseFullKinematicContacts: 0
  m_UseAutoMass: 0
  m_Mass: 1000000
  m_LinearDrag: 0
  m_AngularDrag: 0
  m_GravityScale: 0
  m_Material: {fileID: 0}
  m_Interpolate: 0
  m_SleepingMode: 1
  m_CollisionDetection: 1
  m_Constraints: 4
--- !u!58 &58733236889822354
CircleCollider2D:
  m_ObjectHideFlags: 0
  m_CorrespondingSourceObject: {fileID: 0}
  m_PrefabInstance: {fileID: 0}
  m_PrefabAsset: {fileID: 0}
  m_GameObject: {fileID: 112526}
  m_Enabled: 1
  m_Density: 1
  m_Material: {fileID: 0}
  m_IsTrigger: 0
  m_UsedByEffector: 0
  m_UsedByComposite: 0
  m_Offset: {x: 0.5, y: 0.25}
  serializedVersion: 2
  m_Radius: 0.35
--- !u!61 &61599948557918412
BoxCollider2D:
  m_ObjectHideFlags: 0
  m_CorrespondingSourceObject: {fileID: 0}
  m_PrefabInstance: {fileID: 0}
  m_PrefabAsset: {fileID: 0}
  m_GameObject: {fileID: 112526}
  m_Enabled: 1
  m_Density: 1
  m_Material: {fileID: 0}
  m_IsTrigger: 1
  m_UsedByEffector: 0
  m_UsedByComposite: 0
  m_Offset: {x: 0.5, y: 0.75}
  m_SpriteTilingProperty:
    border: {x: 0, y: 0, z: 0, w: 0}
    pivot: {x: 0, y: 0}
    oldSize: {x: 1, y: 1}
    newSize: {x: 1, y: 1}
    adaptiveTilingThreshold: 0.5
    drawMode: 0
    adaptiveTiling: 0
  m_AutoTiling: 0
  serializedVersion: 2
  m_Size: {x: 0.9, y: 1.5}
  m_EdgeRadius: 0
--- !u!1 &167670
GameObject:
  m_ObjectHideFlags: 0
  m_CorrespondingSourceObject: {fileID: 0}
  m_PrefabInstance: {fileID: 0}
  m_PrefabAsset: {fileID: 0}
  serializedVersion: 6
  m_Component:
  - component: {fileID: 415112}
  - component: {fileID: 11465408}
  - component: {fileID: 212516177052126774}
  m_Layer: 0
  m_Name: Idle/Stand
  m_TagString: Untagged
  m_Icon: {fileID: 0}
  m_NavMeshLayer: 0
  m_StaticEditorFlags: 0
  m_IsActive: 0
--- !u!4 &415112
Transform:
  m_ObjectHideFlags: 0
  m_CorrespondingSourceObject: {fileID: 0}
  m_PrefabInstance: {fileID: 0}
  m_PrefabAsset: {fileID: 0}
  m_GameObject: {fileID: 167670}
  m_LocalRotation: {x: 0, y: 0, z: 0, w: 1}
  m_LocalPosition: {x: 0, y: 0, z: -0.00002}
  m_LocalScale: {x: 1, y: 1, z: 1}
  m_Children: []
  m_Father: {fileID: 473432}
  m_RootOrder: 1
  m_LocalEulerAnglesHint: {x: 0, y: 0, z: 0}
--- !u!114 &11465408
MonoBehaviour:
  m_ObjectHideFlags: 0
  m_CorrespondingSourceObject: {fileID: 0}
  m_PrefabInstance: {fileID: 0}
  m_PrefabAsset: {fileID: 0}
  m_GameObject: {fileID: 167670}
  m_Enabled: 1
  m_EditorHideFlags: 0
  m_Script: {fileID: 11500000, guid: 6da337c48870e5447bd1fbe9306856bb, type: 3}
  m_Name: 
  m_EditorClassIdentifier: 
  m_Key: 11465408_ce0289acf3ca44c43b58f7cc4b63ad25
  m_PixelsPerUnit: 32
  m_Skins:
  - m_SpriteSheet: {fileID: 2800000, guid: 3345e8d35f81da546b350ac587779a0a, type: 3}
    m_Frames:
    - {fileID: 0}
    - {fileID: 0}
    - {fileID: 0}
    - {fileID: 0}
    - {fileID: 0}
    - {fileID: 0}
    - {fileID: 0}
    - {fileID: 0}
    - {fileID: 0}
    - {fileID: 0}
    - {fileID: 0}
    - {fileID: 0}
    - {fileID: 0}
    - {fileID: 0}
    - {fileID: 0}
    - {fileID: 0}
    - {fileID: 0}
    - {fileID: 0}
    - {fileID: 0}
    - {fileID: 0}
    - {fileID: 0}
    - {fileID: 0}
    - {fileID: 0}
    - {fileID: 0}
    - {fileID: 0}
    - {fileID: 0}
    - {fileID: 0}
    - {fileID: 0}
    - {fileID: 0}
    - {fileID: 0}
    - {fileID: 0}
    - {fileID: 0}
    - {fileID: 0}
    - {fileID: 0}
    - {fileID: 0}
    - {fileID: 0}
  - m_SpriteSheet: {fileID: 2800000, guid: 2f71b97220c205b4581fc4c29cf0f0b1, type: 3}
    m_Frames:
    - {fileID: 21300166, guid: 2f71b97220c205b4581fc4c29cf0f0b1, type: 3}
    - {fileID: 21300168, guid: 2f71b97220c205b4581fc4c29cf0f0b1, type: 3}
    - {fileID: 21300170, guid: 2f71b97220c205b4581fc4c29cf0f0b1, type: 3}
    - {fileID: 21300172, guid: 2f71b97220c205b4581fc4c29cf0f0b1, type: 3}
    - {fileID: 21300174, guid: 2f71b97220c205b4581fc4c29cf0f0b1, type: 3}
    - {fileID: 21300176, guid: 2f71b97220c205b4581fc4c29cf0f0b1, type: 3}
    - {fileID: 21300178, guid: 2f71b97220c205b4581fc4c29cf0f0b1, type: 3}
    - {fileID: 21300180, guid: 2f71b97220c205b4581fc4c29cf0f0b1, type: 3}
    - {fileID: 21300182, guid: 2f71b97220c205b4581fc4c29cf0f0b1, type: 3}
    - {fileID: 21300184, guid: 2f71b97220c205b4581fc4c29cf0f0b1, type: 3}
    - {fileID: 21300186, guid: 2f71b97220c205b4581fc4c29cf0f0b1, type: 3}
    - {fileID: 21300188, guid: 2f71b97220c205b4581fc4c29cf0f0b1, type: 3}
    - {fileID: 21300190, guid: 2f71b97220c205b4581fc4c29cf0f0b1, type: 3}
    - {fileID: 21300192, guid: 2f71b97220c205b4581fc4c29cf0f0b1, type: 3}
    - {fileID: 21300194, guid: 2f71b97220c205b4581fc4c29cf0f0b1, type: 3}
    - {fileID: 21300196, guid: 2f71b97220c205b4581fc4c29cf0f0b1, type: 3}
    - {fileID: 21300198, guid: 2f71b97220c205b4581fc4c29cf0f0b1, type: 3}
    - {fileID: 21300200, guid: 2f71b97220c205b4581fc4c29cf0f0b1, type: 3}
    - {fileID: 21300202, guid: 2f71b97220c205b4581fc4c29cf0f0b1, type: 3}
    - {fileID: 21300204, guid: 2f71b97220c205b4581fc4c29cf0f0b1, type: 3}
    - {fileID: 21300206, guid: 2f71b97220c205b4581fc4c29cf0f0b1, type: 3}
    - {fileID: 21300208, guid: 2f71b97220c205b4581fc4c29cf0f0b1, type: 3}
    - {fileID: 21300210, guid: 2f71b97220c205b4581fc4c29cf0f0b1, type: 3}
    - {fileID: 21300212, guid: 2f71b97220c205b4581fc4c29cf0f0b1, type: 3}
    - {fileID: 21300214, guid: 2f71b97220c205b4581fc4c29cf0f0b1, type: 3}
    - {fileID: 21300216, guid: 2f71b97220c205b4581fc4c29cf0f0b1, type: 3}
    - {fileID: 21300218, guid: 2f71b97220c205b4581fc4c29cf0f0b1, type: 3}
    - {fileID: 21300220, guid: 2f71b97220c205b4581fc4c29cf0f0b1, type: 3}
    - {fileID: 21300222, guid: 2f71b97220c205b4581fc4c29cf0f0b1, type: 3}
    - {fileID: 21300224, guid: 2f71b97220c205b4581fc4c29cf0f0b1, type: 3}
    - {fileID: 21300226, guid: 2f71b97220c205b4581fc4c29cf0f0b1, type: 3}
    - {fileID: 21300228, guid: 2f71b97220c205b4581fc4c29cf0f0b1, type: 3}
    - {fileID: 21300230, guid: 2f71b97220c205b4581fc4c29cf0f0b1, type: 3}
    - {fileID: 21300232, guid: 2f71b97220c205b4581fc4c29cf0f0b1, type: 3}
    - {fileID: 21300234, guid: 2f71b97220c205b4581fc4c29cf0f0b1, type: 3}
    - {fileID: 21300236, guid: 2f71b97220c205b4581fc4c29cf0f0b1, type: 3}
  m_NumberOfColumns: 9
  m_NumberOfRows: 4
  m_Directions: 00000000010000000200000003000000
  m_ProgressiveAnimationExists: 0
  m_ProgressiveFrameIndices: 
  m_ProgressiveFramesPerSecond: 10
  m_ForwardAudioClip: {fileID: 0}
  m_BackwardAudioClip: {fileID: 0}
  m_LoopAnimationExists: 0
  m_LoopFrameIndices: 
  m_LoopFramesPerSecond: 6.5
  m_LoopType: 0
  m_StartAndEndLoopAtMiddle: 1
  m_LoopAudioClip: {fileID: 0}
--- !u!212 &212516177052126774
SpriteRenderer:
  m_ObjectHideFlags: 0
  m_CorrespondingSourceObject: {fileID: 0}
  m_PrefabInstance: {fileID: 0}
  m_PrefabAsset: {fileID: 0}
  m_GameObject: {fileID: 167670}
  m_Enabled: 1
  m_CastShadows: 0
  m_ReceiveShadows: 0
  m_DynamicOccludee: 1
  m_MotionVectors: 1
  m_LightProbeUsage: 1
  m_ReflectionProbeUsage: 1
  m_RenderingLayerMask: 4294967295
  m_RendererPriority: 0
  m_Materials:
  - {fileID: 10754, guid: 0000000000000000f000000000000000, type: 0}
  m_StaticBatchInfo:
    firstSubMesh: 0
    subMeshCount: 0
  m_StaticBatchRoot: {fileID: 0}
  m_ProbeAnchor: {fileID: 0}
  m_LightProbeVolumeOverride: {fileID: 0}
  m_ScaleInLightmap: 1
  m_PreserveUVs: 0
  m_IgnoreNormalsForChartDetection: 0
  m_ImportantGI: 0
  m_StitchLightmapSeams: 0
  m_SelectedEditorRenderState: 0
  m_MinimumChartSize: 4
  m_AutoUVMaxDistance: 0.5
  m_AutoUVMaxAngle: 89
  m_LightmapParameters: {fileID: 0}
  m_SortingLayerID: 0
  m_SortingLayer: 0
  m_SortingOrder: 10
  m_Sprite: {fileID: 21300166, guid: 2f71b97220c205b4581fc4c29cf0f0b1, type: 3}
  m_Color: {r: 1, g: 1, b: 1, a: 1}
  m_FlipX: 0
  m_FlipY: 0
  m_DrawMode: 0
  m_Size: {x: 1, y: 1.5}
  m_AdaptiveModeThreshold: 0.5
  m_SpriteTileMode: 0
  m_WasSpriteAssigned: 1
  m_MaskInteraction: 0
  m_SpriteSortPoint: 0
--- !u!1 &193118
GameObject:
  m_ObjectHideFlags: 0
  m_CorrespondingSourceObject: {fileID: 0}
  m_PrefabInstance: {fileID: 0}
  m_PrefabAsset: {fileID: 0}
  serializedVersion: 6
  m_Component:
  - component: {fileID: 423720}
  - component: {fileID: 11458786}
  - component: {fileID: 212255281197443852}
  m_Layer: 0
  m_Name: Move/Stand
  m_TagString: Untagged
  m_Icon: {fileID: 0}
  m_NavMeshLayer: 0
  m_StaticEditorFlags: 0
  m_IsActive: 1
--- !u!4 &423720
Transform:
  m_ObjectHideFlags: 0
  m_CorrespondingSourceObject: {fileID: 0}
  m_PrefabInstance: {fileID: 0}
  m_PrefabAsset: {fileID: 0}
  m_GameObject: {fileID: 193118}
  m_LocalRotation: {x: 0, y: 0, z: 0, w: 1}
  m_LocalPosition: {x: 0, y: 0, z: -0.00001}
  m_LocalScale: {x: 1, y: 1, z: 1}
  m_Children: []
  m_Father: {fileID: 473432}
  m_RootOrder: 0
  m_LocalEulerAnglesHint: {x: 0, y: 0, z: 0}
--- !u!114 &11458786
MonoBehaviour:
  m_ObjectHideFlags: 0
  m_CorrespondingSourceObject: {fileID: 0}
  m_PrefabInstance: {fileID: 0}
  m_PrefabAsset: {fileID: 0}
  m_GameObject: {fileID: 193118}
  m_Enabled: 1
  m_EditorHideFlags: 0
  m_Script: {fileID: 11500000, guid: 6da337c48870e5447bd1fbe9306856bb, type: 3}
  m_Name: 
  m_EditorClassIdentifier: 
  m_Key: 11458786_ce0289acf3ca44c43b58f7cc4b63ad25
  m_PixelsPerUnit: 32
  m_Skins:
  - m_SpriteSheet: {fileID: 2800000, guid: 665fc9bfb6ee1c04d91d21414ca9f30a, type: 3}
    m_Frames:
    - {fileID: 21300000, guid: 665fc9bfb6ee1c04d91d21414ca9f30a, type: 3}
    - {fileID: 21300002, guid: 665fc9bfb6ee1c04d91d21414ca9f30a, type: 3}
    - {fileID: 21300004, guid: 665fc9bfb6ee1c04d91d21414ca9f30a, type: 3}
    - {fileID: 21300006, guid: 665fc9bfb6ee1c04d91d21414ca9f30a, type: 3}
    - {fileID: 21300008, guid: 665fc9bfb6ee1c04d91d21414ca9f30a, type: 3}
    - {fileID: 21300010, guid: 665fc9bfb6ee1c04d91d21414ca9f30a, type: 3}
    - {fileID: 21300012, guid: 665fc9bfb6ee1c04d91d21414ca9f30a, type: 3}
    - {fileID: 21300014, guid: 665fc9bfb6ee1c04d91d21414ca9f30a, type: 3}
    - {fileID: 21300016, guid: 665fc9bfb6ee1c04d91d21414ca9f30a, type: 3}
    - {fileID: 21300018, guid: 665fc9bfb6ee1c04d91d21414ca9f30a, type: 3}
    - {fileID: 21300020, guid: 665fc9bfb6ee1c04d91d21414ca9f30a, type: 3}
    - {fileID: 21300022, guid: 665fc9bfb6ee1c04d91d21414ca9f30a, type: 3}
  - m_SpriteSheet: {fileID: 2800000, guid: 03c49d485a8300240850ede719b892ee, type: 3}
    m_Frames:
    - {fileID: 21300094, guid: 03c49d485a8300240850ede719b892ee, type: 3}
    - {fileID: 21300096, guid: 03c49d485a8300240850ede719b892ee, type: 3}
    - {fileID: 21300098, guid: 03c49d485a8300240850ede719b892ee, type: 3}
    - {fileID: 21300100, guid: 03c49d485a8300240850ede719b892ee, type: 3}
    - {fileID: 21300102, guid: 03c49d485a8300240850ede719b892ee, type: 3}
    - {fileID: 21300104, guid: 03c49d485a8300240850ede719b892ee, type: 3}
    - {fileID: 21300106, guid: 03c49d485a8300240850ede719b892ee, type: 3}
    - {fileID: 21300108, guid: 03c49d485a8300240850ede719b892ee, type: 3}
    - {fileID: 21300110, guid: 03c49d485a8300240850ede719b892ee, type: 3}
    - {fileID: 21300112, guid: 03c49d485a8300240850ede719b892ee, type: 3}
    - {fileID: 21300114, guid: 03c49d485a8300240850ede719b892ee, type: 3}
    - {fileID: 21300116, guid: 03c49d485a8300240850ede719b892ee, type: 3}
  m_NumberOfColumns: 3
  m_NumberOfRows: 4
  m_Directions: 00000000010000000200000003000000
  m_ProgressiveAnimationExists: 0
  m_ProgressiveFrameIndices: 
  m_ProgressiveFramesPerSecond: 10
  m_ForwardAudioClip: {fileID: 0}
  m_BackwardAudioClip: {fileID: 0}
  m_LoopAnimationExists: 1
  m_LoopFrameIndices: 
  m_LoopFramesPerSecond: 6.5
  m_LoopType: 1
  m_StartAndEndLoopAtMiddle: 1
  m_LoopAudioClip: {fileID: 0}
--- !u!212 &212255281197443852
SpriteRenderer:
  m_ObjectHideFlags: 0
  m_CorrespondingSourceObject: {fileID: 0}
  m_PrefabInstance: {fileID: 0}
  m_PrefabAsset: {fileID: 0}
  m_GameObject: {fileID: 193118}
  m_Enabled: 1
  m_CastShadows: 0
  m_ReceiveShadows: 0
  m_DynamicOccludee: 1
  m_MotionVectors: 1
  m_LightProbeUsage: 1
  m_ReflectionProbeUsage: 1
  m_RenderingLayerMask: 4294967295
  m_RendererPriority: 0
  m_Materials:
  - {fileID: 10754, guid: 0000000000000000f000000000000000, type: 0}
  m_StaticBatchInfo:
    firstSubMesh: 0
    subMeshCount: 0
  m_StaticBatchRoot: {fileID: 0}
  m_ProbeAnchor: {fileID: 0}
  m_LightProbeVolumeOverride: {fileID: 0}
  m_ScaleInLightmap: 1
  m_PreserveUVs: 0
  m_IgnoreNormalsForChartDetection: 0
  m_ImportantGI: 0
  m_StitchLightmapSeams: 0
  m_SelectedEditorRenderState: 0
  m_MinimumChartSize: 4
  m_AutoUVMaxDistance: 0.5
  m_AutoUVMaxAngle: 89
  m_LightmapParameters: {fileID: 0}
  m_SortingLayerID: 0
  m_SortingLayer: 0
  m_SortingOrder: 10
  m_Sprite: {fileID: 21300002, guid: 665fc9bfb6ee1c04d91d21414ca9f30a, type: 3}
  m_Color: {r: 1, g: 1, b: 1, a: 1}
  m_FlipX: 0
  m_FlipY: 0
  m_DrawMode: 0
  m_Size: {x: 1, y: 1}
  m_AdaptiveModeThreshold: 0.5
  m_SpriteTileMode: 0
  m_WasSpriteAssigned: 1
  m_MaskInteraction: 0
  m_SpriteSortPoint: 0
