%YAML 1.1
%TAG !u! tag:unity3d.com,2011:
--- !u!1 &1605908577277750
GameObject:
  m_ObjectHideFlags: 0
  m_CorrespondingSourceObject: {fileID: 0}
  m_PrefabInstance: {fileID: 0}
  m_PrefabAsset: {fileID: 0}
  serializedVersion: 6
  m_Component:
  - component: {fileID: 4002387269784268}
  - component: {fileID: 114807120896835954}
  - component: {fileID: 212581922367968898}
  m_Layer: 0
  m_Name: Move/Stand
  m_TagString: Untagged
  m_Icon: {fileID: 0}
  m_NavMeshLayer: 0
  m_StaticEditorFlags: 0
  m_IsActive: 1
--- !u!4 &4002387269784268
Transform:
  m_ObjectHideFlags: 0
  m_CorrespondingSourceObject: {fileID: 0}
  m_PrefabInstance: {fileID: 0}
  m_PrefabAsset: {fileID: 0}
  m_GameObject: {fileID: 1605908577277750}
  m_LocalRotation: {x: -0, y: -0, z: -0, w: 1}
  m_LocalPosition: {x: 0, y: 0, z: -0.00001}
  m_LocalScale: {x: 1, y: 1, z: 1}
  m_Children: []
  m_Father: {fileID: 4299698256735518}
  m_RootOrder: 0
  m_LocalEulerAnglesHint: {x: 0, y: 0, z: 0}
--- !u!114 &114807120896835954
MonoBehaviour:
  m_ObjectHideFlags: 0
  m_CorrespondingSourceObject: {fileID: 0}
  m_PrefabInstance: {fileID: 0}
  m_PrefabAsset: {fileID: 0}
  m_GameObject: {fileID: 1605908577277750}
  m_Enabled: 1
  m_EditorHideFlags: 0
  m_Script: {fileID: 11500000, guid: 6da337c48870e5447bd1fbe9306856bb, type: 3}
  m_Name: 
  m_EditorClassIdentifier: 
  m_Key: 114807120896835954_6f3a3653d03620440b68d2c2e2068b01
  m_PixelsPerUnit: 32
  m_Skins:
  - m_SpriteSheet: {fileID: 2800000, guid: be7f13b2fe2a44141b59f659a01dbf49, type: 3}
    m_Frames:
    - {fileID: 21300018, guid: be7f13b2fe2a44141b59f659a01dbf49, type: 3}
    - {fileID: 21300020, guid: be7f13b2fe2a44141b59f659a01dbf49, type: 3}
    - {fileID: 21300022, guid: be7f13b2fe2a44141b59f659a01dbf49, type: 3}
    - {fileID: 21300024, guid: be7f13b2fe2a44141b59f659a01dbf49, type: 3}
    - {fileID: 21300026, guid: be7f13b2fe2a44141b59f659a01dbf49, type: 3}
    - {fileID: 21300028, guid: be7f13b2fe2a44141b59f659a01dbf49, type: 3}
    - {fileID: 21300030, guid: be7f13b2fe2a44141b59f659a01dbf49, type: 3}
    - {fileID: 21300032, guid: be7f13b2fe2a44141b59f659a01dbf49, type: 3}
    - {fileID: 21300034, guid: be7f13b2fe2a44141b59f659a01dbf49, type: 3}
    - {fileID: 21300036, guid: be7f13b2fe2a44141b59f659a01dbf49, type: 3}
    - {fileID: 21300038, guid: be7f13b2fe2a44141b59f659a01dbf49, type: 3}
    - {fileID: 21300040, guid: be7f13b2fe2a44141b59f659a01dbf49, type: 3}
  - m_SpriteSheet: {fileID: 2800000, guid: a0b6c9a37656f284bad4dc8a7c8b2e8b, type: 3}
    m_Frames:
    - {fileID: 21300068, guid: a0b6c9a37656f284bad4dc8a7c8b2e8b, type: 3}
    - {fileID: 21300070, guid: a0b6c9a37656f284bad4dc8a7c8b2e8b, type: 3}
    - {fileID: 21300072, guid: a0b6c9a37656f284bad4dc8a7c8b2e8b, type: 3}
    - {fileID: 21300074, guid: a0b6c9a37656f284bad4dc8a7c8b2e8b, type: 3}
    - {fileID: 21300076, guid: a0b6c9a37656f284bad4dc8a7c8b2e8b, type: 3}
    - {fileID: 21300078, guid: a0b6c9a37656f284bad4dc8a7c8b2e8b, type: 3}
    - {fileID: 21300080, guid: a0b6c9a37656f284bad4dc8a7c8b2e8b, type: 3}
    - {fileID: 21300082, guid: a0b6c9a37656f284bad4dc8a7c8b2e8b, type: 3}
    - {fileID: 21300084, guid: a0b6c9a37656f284bad4dc8a7c8b2e8b, type: 3}
    - {fileID: 21300086, guid: a0b6c9a37656f284bad4dc8a7c8b2e8b, type: 3}
    - {fileID: 21300088, guid: a0b6c9a37656f284bad4dc8a7c8b2e8b, type: 3}
    - {fileID: 21300090, guid: a0b6c9a37656f284bad4dc8a7c8b2e8b, type: 3}
  m_NumberOfColumns: 3
  m_NumberOfRows: 4
  m_Directions: 00000000010000000200000003000000
  m_ProgressiveAnimationExists: 0
  m_ProgressiveFrameIndices: 
  m_ProgressiveFramesPerSecond: 10
  m_ForwardAudioClip: {fileID: 0}
  m_BackwardAudioClip: {fileID: 0}
  m_LoopAnimationExists: 1
  m_LoopFrameIndices: 
  m_LoopFramesPerSecond: 6.5
  m_LoopType: 1
  m_StartAndEndLoopAtMiddle: 1
  m_LoopAudioClip: {fileID: 0}
--- !u!212 &212581922367968898
SpriteRenderer:
  m_ObjectHideFlags: 0
  m_CorrespondingSourceObject: {fileID: 0}
  m_PrefabInstance: {fileID: 0}
  m_PrefabAsset: {fileID: 0}
  m_GameObject: {fileID: 1605908577277750}
  m_Enabled: 1
  m_CastShadows: 0
  m_ReceiveShadows: 0
  m_DynamicOccludee: 1
  m_MotionVectors: 1
  m_LightProbeUsage: 1
  m_ReflectionProbeUsage: 1
  m_RenderingLayerMask: 4294967295
  m_RendererPriority: 0
  m_Materials:
  - {fileID: 10754, guid: 0000000000000000f000000000000000, type: 0}
  m_StaticBatchInfo:
    firstSubMesh: 0
    subMeshCount: 0
  m_StaticBatchRoot: {fileID: 0}
  m_ProbeAnchor: {fileID: 0}
  m_LightProbeVolumeOverride: {fileID: 0}
  m_ScaleInLightmap: 1
  m_PreserveUVs: 0
  m_IgnoreNormalsForChartDetection: 0
  m_ImportantGI: 0
  m_StitchLightmapSeams: 0
  m_SelectedEditorRenderState: 0
  m_MinimumChartSize: 4
  m_AutoUVMaxDistance: 0.5
  m_AutoUVMaxAngle: 89
  m_LightmapParameters: {fileID: 0}
  m_SortingLayerID: 0
  m_SortingLayer: 0
  m_SortingOrder: 10
  m_Sprite: {fileID: 21300020, guid: be7f13b2fe2a44141b59f659a01dbf49, type: 3}
  m_Color: {r: 1, g: 1, b: 1, a: 1}
  m_FlipX: 0
  m_FlipY: 0
  m_DrawMode: 0
  m_Size: {x: 1, y: 1}
  m_AdaptiveModeThreshold: 0.5
  m_SpriteTileMode: 0
  m_WasSpriteAssigned: 1
  m_MaskInteraction: 0
  m_SpriteSortPoint: 0
--- !u!1 &1699888105682804
GameObject:
  m_ObjectHideFlags: 0
  m_CorrespondingSourceObject: {fileID: 0}
  m_PrefabInstance: {fileID: 0}
  m_PrefabAsset: {fileID: 0}
  serializedVersion: 6
  m_Component:
  - component: {fileID: 4299698256735518}
  - component: {fileID: 114742234134161160}
  - component: {fileID: 58539521760463322}
  - component: {fileID: 61152370017715066}
  - component: {fileID: 50444925534985054}
  m_Layer: 0
  m_Name: ChadWorldSprite
  m_TagString: Untagged
  m_Icon: {fileID: 0}
  m_NavMeshLayer: 0
  m_StaticEditorFlags: 0
  m_IsActive: 1
--- !u!4 &4299698256735518
Transform:
  m_ObjectHideFlags: 0
  m_CorrespondingSourceObject: {fileID: 0}
  m_PrefabInstance: {fileID: 0}
  m_PrefabAsset: {fileID: 0}
  m_GameObject: {fileID: 1699888105682804}
  m_LocalRotation: {x: -0, y: -0, z: -0, w: 1}
  m_LocalPosition: {x: 0, y: 0, z: 0}
  m_LocalScale: {x: 1, y: 1, z: 1}
  m_Children:
  - {fileID: 4002387269784268}
  m_Father: {fileID: 4271738911006556}
  m_RootOrder: 0
  m_LocalEulerAnglesHint: {x: 0, y: 0, z: 0}
--- !u!114 &114742234134161160
MonoBehaviour:
  m_ObjectHideFlags: 0
  m_CorrespondingSourceObject: {fileID: 0}
  m_PrefabInstance: {fileID: 0}
  m_PrefabAsset: {fileID: 0}
  m_GameObject: {fileID: 1699888105682804}
  m_Enabled: 1
  m_EditorHideFlags: 0
  m_Script: {fileID: 11500000, guid: 2b1b7326647701c42afc5ed2799e5d14, type: 3}
  m_Name: 
  m_EditorClassIdentifier: 
  m_Key: 114742234134161160_6f3a3653d03620440b68d2c2e2068b01
  m_PixelsPerUnit: 32
  m_Skin: 0
  m_Direction: 0
  m_AnimationSpeed: 1
  m_CollisionCollider: {fileID: 58539521760463322}
  m_InteractionCollider: {fileID: 61152370017715066}
  m_Controllable: 0
  m_CanInteract: 1
  m_UseSubmitButtonToInteract: 1
  m_UseMouseClickToInteract: 1
  m_InteractionReachDistance: 0.4
  m_InteractionReachAngle: 45
  m_InteractionReachArcSmoothness: 20
  m_CanMove: 1
  m_ControlledMoveAnimation: {fileID: 114807120896835954}
  m_UseAxisInputToMove: 1
  m_UseMouseClickToMove: 1
  m_AllowDiagonalMovement: 1
  m_LockMovementToGrid: 0
  m_MoveSpeed: 3
  m_SkinNames:
  - Default
  - OldDefault
--- !u!58 &58539521760463322
CircleCollider2D:
  m_ObjectHideFlags: 0
  m_CorrespondingSourceObject: {fileID: 0}
  m_PrefabInstance: {fileID: 0}
  m_PrefabAsset: {fileID: 0}
  m_GameObject: {fileID: 1699888105682804}
  m_Enabled: 1
  m_Density: 1
  m_Material: {fileID: 0}
  m_IsTrigger: 0
  m_UsedByEffector: 0
  m_UsedByComposite: 0
  m_Offset: {x: 0.5, y: 0.25}
  serializedVersion: 2
  m_Radius: 0.35
--- !u!61 &61152370017715066
BoxCollider2D:
  m_ObjectHideFlags: 0
  m_CorrespondingSourceObject: {fileID: 0}
  m_PrefabInstance: {fileID: 0}
  m_PrefabAsset: {fileID: 0}
  m_GameObject: {fileID: 1699888105682804}
  m_Enabled: 1
  m_Density: 1
  m_Material: {fileID: 0}
  m_IsTrigger: 1
  m_UsedByEffector: 0
  m_UsedByComposite: 0
  m_Offset: {x: 0.5, y: 0.75}
  m_SpriteTilingProperty:
    border: {x: 0, y: 0, z: 0, w: 0}
    pivot: {x: 0, y: 0}
    oldSize: {x: 1, y: 1}
    newSize: {x: 1, y: 1}
    adaptiveTilingThreshold: 0.5
    drawMode: 0
    adaptiveTiling: 0
  m_AutoTiling: 0
  serializedVersion: 2
  m_Size: {x: 0.9, y: 1.5}
  m_EdgeRadius: 0
--- !u!50 &50444925534985054
Rigidbody2D:
  serializedVersion: 4
  m_ObjectHideFlags: 0
  m_CorrespondingSourceObject: {fileID: 0}
  m_PrefabInstance: {fileID: 0}
  m_PrefabAsset: {fileID: 0}
  m_GameObject: {fileID: 1699888105682804}
  m_BodyType: 2
  m_Simulated: 1
  m_UseFullKinematicContacts: 0
  m_UseAutoMass: 0
  m_Mass: 1000000
  m_LinearDrag: 0
  m_AngularDrag: 0
  m_GravityScale: 0
  m_Material: {fileID: 0}
  m_Interpolate: 0
  m_SleepingMode: 1
  m_CollisionDetection: 1
  m_Constraints: 4
--- !u!1 &1729471605144384
GameObject:
  m_ObjectHideFlags: 0
  m_CorrespondingSourceObject: {fileID: 0}
  m_PrefabInstance: {fileID: 0}
  m_PrefabAsset: {fileID: 0}
  serializedVersion: 6
  m_Component:
  - component: {fileID: 4271738911006556}
  - component: {fileID: 114027048827231500}
  m_Layer: 0
  m_Name: Chad
  m_TagString: Untagged
  m_Icon: {fileID: 0}
  m_NavMeshLayer: 0
  m_StaticEditorFlags: 0
  m_IsActive: 1
--- !u!4 &4271738911006556
Transform:
  m_ObjectHideFlags: 0
  m_CorrespondingSourceObject: {fileID: 0}
  m_PrefabInstance: {fileID: 0}
  m_PrefabAsset: {fileID: 0}
  m_GameObject: {fileID: 1729471605144384}
  m_LocalRotation: {x: 0, y: 0, z: 0, w: 1}
  m_LocalPosition: {x: 0, y: 0, z: 0}
  m_LocalScale: {x: 1, y: 1, z: 1}
  m_Children:
  - {fileID: 4299698256735518}
  m_Father: {fileID: 0}
  m_RootOrder: 0
  m_LocalEulerAnglesHint: {x: 0, y: 0, z: 0}
--- !u!114 &114027048827231500
MonoBehaviour:
  m_ObjectHideFlags: 0
  m_CorrespondingSourceObject: {fileID: 0}
  m_PrefabInstance: {fileID: 0}
  m_PrefabAsset: {fileID: 0}
  m_GameObject: {fileID: 1729471605144384}
  m_Enabled: 1
  m_EditorHideFlags: 0
  m_Script: {fileID: 11500000, guid: 25fb867d2049d41f597aefdd6b19f598, type: 3}
  m_Name: 
  m_EditorClassIdentifier: 
  m_Key: 114027048827231500_6f3a3653d03620440b68d2c2e2068b01
  m_DisplayName: CHAD
  m_VoiceSoundEffect: {fileID: 0}
  m_Color: {r: 1, g: 1, b: 1, a: 1}
  m_TextStyle:
    m_Font: {fileID: 0}
    m_FontSize: 14
    m_FontStyle: 0
    m_BestFit: 0
    m_MinSize: 10
    m_MaxSize: 40
    m_Alignment: 0
    m_AlignByGeometry: 0
    m_RichText: 1
    m_HorizontalOverflow: 0
    m_VerticalOverflow: 0
    m_LineSpacing: 1
  m_Portraits: []
