%YAML 1.1
%TAG !u! tag:unity3d.com,2011:
--- !u!1 &1246100459260582
GameObject:
  m_ObjectHideFlags: 0
  m_CorrespondingSourceObject: {fileID: 0}
  m_PrefabInstance: {fileID: 0}
  m_PrefabAsset: {fileID: 0}
  serializedVersion: 6
  m_Component:
  - component: {fileID: 4528449365920380}
  - component: {fileID: 114480473034829622}
  - component: {fileID: 114914170805245586}
  - component: {fileID: 114463327971425822}
  - component: {fileID: 114267670261807800}
  - component: {fileID: 114846177110241660}
  - component: {fileID: 114501615566329778}
  - component: {fileID: 114861791517586912}
  - component: {fileID: 114863439597397816}
  - component: {fileID: 114141929011204324}
  - component: {fileID: 114557294498336726}
  - component: {fileID: 114147664116588868}
  - component: {fileID: 114547209446628056}
  - component: {fileID: 114898655885490792}
  - component: {fileID: 114364039186716798}
  - component: {fileID: 114389036469804522}
  - component: {fileID: 114515584017403274}
  - component: {fileID: 114784078232408756}
  - component: {fileID: 114516465483508110}
  - component: {fileID: 114585446093288456}
  - component: {fileID: 114306967522828216}
  - component: {fileID: 114407256042759934}
  - component: {fileID: 114937531566732136}
  - component: {fileID: 114311541960229972}
  - component: {fileID: 114904608799958160}
  - component: {fileID: 114124873291375986}
  - component: {fileID: 114548923956378638}
  - component: {fileID: 114360316105295040}
  - component: {fileID: 114459287111324286}
  - component: {fileID: 114971791761666980}
  - component: {fileID: 114870111413149906}
  - component: {fileID: 114176576868923196}
  - component: {fileID: 114155515973701786}
  - component: {fileID: 114526973512254978}
  - component: {fileID: 114940505192916914}
  - component: {fileID: 114269314734063690}
  - component: {fileID: 114460255803734312}
  - component: {fileID: 114177979233577968}
  - component: {fileID: 114709574394243598}
  - component: {fileID: 114231427951570222}
  - component: {fileID: 114654869949627432}
  - component: {fileID: 114558612044220020}
  - component: {fileID: 114828809989160196}
  - component: {fileID: 114185209647282842}
  - component: {fileID: 114713469401774474}
  m_Layer: 0
  m_Name: PerceptionEventTemplate
  m_TagString: Untagged
  m_Icon: {fileID: 0}
  m_NavMeshLayer: 0
  m_StaticEditorFlags: 0
  m_IsActive: 1
--- !u!4 &4528449365920380
Transform:
  m_ObjectHideFlags: 0
  m_CorrespondingSourceObject: {fileID: 0}
  m_PrefabInstance: {fileID: 0}
  m_PrefabAsset: {fileID: 0}
  m_GameObject: {fileID: 1246100459260582}
  m_LocalRotation: {x: 0, y: 0, z: 0, w: 1}
  m_LocalPosition: {x: 0, y: 0, z: 0}
  m_LocalScale: {x: 1, y: 1, z: 1}
  m_Children: []
  m_Father: {fileID: 0}
  m_RootOrder: 0
  m_LocalEulerAnglesHint: {x: 0, y: 0, z: 0}
--- !u!114 &114480473034829622
MonoBehaviour:
  m_ObjectHideFlags: 0
  m_CorrespondingSourceObject: {fileID: 0}
  m_PrefabInstance: {fileID: 0}
  m_PrefabAsset: {fileID: 0}
  m_GameObject: {fileID: 1246100459260582}
  m_Enabled: 1
  m_EditorHideFlags: 0
  m_Script: {fileID: 11500000, guid: 7a334fe2ffb574b3583ff3b18b4792d3, type: 3}
  m_Name: 
  m_EditorClassIdentifier: 
  m_Key: 114480473034829622_4ea9f780b4f5444fd9146fa5ebc02c4d
  m_Version: 1.0
  m_TemplateFlowchart: {fileID: 0}
  m_Description: 
  m_StepPause: 0
  m_PauseOnEnable: 0
  m_HideComponents: 1
  m_Logging: 0
  m_NodePosition: {x: 0, y: 0}
  m_Blocks:
  - {fileID: 114914170805245586}
  - {fileID: 114463327971425822}
  - {fileID: 114267670261807800}
  - {fileID: 114501615566329778}
  - {fileID: 114141929011204324}
  - {fileID: 114516465483508110}
  - {fileID: 114937531566732136}
  m_Variables:
  - {fileID: 114515584017403274}
  - {fileID: 114784078232408756}
--- !u!114 &114914170805245586
MonoBehaviour:
  m_ObjectHideFlags: 0
  m_CorrespondingSourceObject: {fileID: 0}
  m_PrefabInstance: {fileID: 0}
  m_PrefabAsset: {fileID: 0}
  m_GameObject: {fileID: 1246100459260582}
  m_Enabled: 1
  m_EditorHideFlags: 0
  m_Script: {fileID: 11500000, guid: 3d3d73aef2cfc4f51abf34ac00241f60, type: 3}
  m_Name: 
  m_EditorClassIdentifier: 
  m_Key: 114914170805245586_4ea9f780b4f5444fd9146fa5ebc02c4d
  m_ItemId: 30
  m_ParentFlowchartItem: {fileID: 0}
  m_TemplateBlock: {fileID: 0}
  m_NodePosition: {x: -130, y: 400}
  m_BlockName: STAT EVENT DIALOG
  m_Scope: 1
  m_Description: Replace the example Sprite/Say commands.
  m_Parameters: []
  m_ReturnTypeName: 
  m_EventHandler: {fileID: 0}
  m_Commands:
  - {fileID: 114547209446628056}
--- !u!114 &114463327971425822
MonoBehaviour:
  m_ObjectHideFlags: 0
  m_CorrespondingSourceObject: {fileID: 0}
  m_PrefabInstance: {fileID: 0}
  m_PrefabAsset: {fileID: 0}
  m_GameObject: {fileID: 1246100459260582}
  m_Enabled: 1
  m_EditorHideFlags: 0
  m_Script: {fileID: 11500000, guid: 3d3d73aef2cfc4f51abf34ac00241f60, type: 3}
  m_Name: 
  m_EditorClassIdentifier: 
  m_Key: 114463327971425822_4ea9f780b4f5444fd9146fa5ebc02c4d
  m_ItemId: 27
  m_ParentFlowchartItem: {fileID: 0}
  m_TemplateBlock: {fileID: 0}
  m_NodePosition: {x: 210, y: 200}
  m_BlockName: NO
  m_Scope: 0
  m_Description: 
  m_Parameters: []
  m_ReturnTypeName: 
  m_EventHandler: {fileID: 0}
  m_Commands:
  - {fileID: 114147664116588868}
--- !u!114 &114267670261807800
MonoBehaviour:
  m_ObjectHideFlags: 0
  m_CorrespondingSourceObject: {fileID: 0}
  m_PrefabInstance: {fileID: 0}
  m_PrefabAsset: {fileID: 0}
  m_GameObject: {fileID: 1246100459260582}
  m_Enabled: 1
  m_EditorHideFlags: 0
  m_Script: {fileID: 11500000, guid: 3d3d73aef2cfc4f51abf34ac00241f60, type: 3}
  m_Name: 
  m_EditorClassIdentifier: 
  m_Key: 114267670261807800_4ea9f780b4f5444fd9146fa5ebc02c4d
  m_ItemId: 26
  m_ParentFlowchartItem: {fileID: 0}
  m_TemplateBlock: {fileID: 0}
  m_NodePosition: {x: 40, y: 90}
  m_BlockName: START CUTSCENE
  m_Scope: 0
  m_Description: Add scene description in variables
  m_Parameters: []
  m_ReturnTypeName: 
  m_EventHandler: {fileID: 114861791517586912}
  m_Commands:
  - {fileID: 114557294498336726}
  - {fileID: 114459287111324286}
  - {fileID: 114870111413149906}
  - {fileID: 114176576868923196}
  - {fileID: 114971791761666980}
  - {fileID: 114155515973701786}
  - {fileID: 114526973512254978}
  - {fileID: 114846177110241660}
  - {fileID: 114828809989160196}
  - {fileID: 114185209647282842}
  - {fileID: 114713469401774474}
--- !u!114 &114846177110241660
MonoBehaviour:
  m_ObjectHideFlags: 0
  m_CorrespondingSourceObject: {fileID: 0}
  m_PrefabInstance: {fileID: 0}
  m_PrefabAsset: {fileID: 0}
  m_GameObject: {fileID: 1246100459260582}
  m_Enabled: 1
  m_EditorHideFlags: 0
  m_Script: {fileID: 11500000, guid: ec422cd568a9c4a31ad7c36d0572b9da, type: 3}
  m_Name: 
  m_EditorClassIdentifier: 
  m_Key: 114846177110241660_4ea9f780b4f5444fd9146fa5ebc02c4d
  m_ItemId: 80
  m_ParentFlowchartItem: {fileID: 114267670261807800}
  m_WaitUntilFinished:
    m_VariableDataType: 0
    m_Variable: {fileID: 0}
    m_Command: {fileID: 0}
    m_Localize: 0
    m_DataVal: 0
  m_IndentLevel: 0
  m_CommandIndex: 7
  m_DialogUI:
    m_VariableDataType: 0
    m_Variable: {fileID: 0}
    m_Command: {fileID: 0}
    m_Localize: 0
    m_DataVal: {fileID: 11485868, guid: e4076b1a1992934448f84c7b37badd14, type: 3}
  m_Character:
    m_VariableDataType: 0
    m_Variable: {fileID: 0}
    m_Command: {fileID: 0}
    m_Localize: 0
    m_DataVal: {fileID: 0}
  m_NameText:
    m_VariableDataType: 0
    m_Variable: {fileID: 0}
    m_Command: {fileID: 0}
    m_Localize: 1
    m_DataVal: 
  m_DialogText:
    m_VariableDataType: 1
    m_Variable: {fileID: 114784078232408756}
    m_Command: {fileID: 0}
    m_Localize: 1
    m_DataVal: 
  m_VoiceOver:
    m_VariableDataType: 0
    m_Variable: {fileID: 0}
    m_Command: {fileID: 0}
    m_Localize: 0
    m_DataVal: {fileID: 0}
  m_Portrait:
    m_VariableDataType: 0
    m_Variable: {fileID: 0}
    m_Command: {fileID: 0}
    m_Localize: 0
    m_DataVal: {fileID: 0}
  m_ContinuePrevious:
    m_VariableDataType: 0
    m_Variable: {fileID: 0}
    m_Command: {fileID: 0}
    m_Localize: 0
    m_DataVal: 0
  m_InstantlyAutoAdvance:
    m_VariableDataType: 0
    m_Variable: {fileID: 0}
    m_Command: {fileID: 0}
    m_Localize: 0
    m_DataVal: 0
--- !u!114 &114501615566329778
MonoBehaviour:
  m_ObjectHideFlags: 0
  m_CorrespondingSourceObject: {fileID: 0}
  m_PrefabInstance: {fileID: 0}
  m_PrefabAsset: {fileID: 0}
  m_GameObject: {fileID: 1246100459260582}
  m_Enabled: 1
  m_EditorHideFlags: 0
  m_Script: {fileID: 11500000, guid: 3d3d73aef2cfc4f51abf34ac00241f60, type: 3}
  m_Name: 
  m_EditorClassIdentifier: 
  m_Key: 114501615566329778_4ea9f780b4f5444fd9146fa5ebc02c4d
  m_ItemId: 185
  m_ParentFlowchartItem: {fileID: 0}
  m_TemplateBlock: {fileID: 0}
  m_NodePosition: {x: 40, y: -120}
  m_BlockName: SETUP
  m_Scope: 0
  m_Description: 
  m_Parameters: []
  m_ReturnTypeName: 
  m_EventHandler: {fileID: 114898655885490792}
  m_Commands:
  - {fileID: 114364039186716798}
  - {fileID: 114863439597397816}
  - {fileID: 114548923956378638}
  - {fileID: 114360316105295040}
--- !u!114 &114861791517586912
MonoBehaviour:
  m_ObjectHideFlags: 0
  m_CorrespondingSourceObject: {fileID: 0}
  m_PrefabInstance: {fileID: 0}
  m_PrefabAsset: {fileID: 0}
  m_GameObject: {fileID: 1246100459260582}
  m_Enabled: 1
  m_EditorHideFlags: 0
  m_Script: {fileID: 11500000, guid: 8ff5d850a887844fe87ae7d366d3ab5e, type: 3}
  m_Name: 
  m_EditorClassIdentifier: 
  m_Key: 114861791517586912_4ea9f780b4f5444fd9146fa5ebc02c4d
  m_ItemId: -1
  m_ParentFlowchartItem: {fileID: 114267670261807800}
--- !u!114 &114863439597397816
MonoBehaviour:
  m_ObjectHideFlags: 0
  m_CorrespondingSourceObject: {fileID: 0}
  m_PrefabInstance: {fileID: 0}
  m_PrefabAsset: {fileID: 0}
  m_GameObject: {fileID: 1246100459260582}
  m_Enabled: 1
  m_EditorHideFlags: 0
  m_Script: {fileID: 11500000, guid: 050fb9e6e72f442b3b883da8a965bdeb, type: 3}
  m_Name: 
  m_EditorClassIdentifier: 
  m_Key: 114863439597397816_4ea9f780b4f5444fd9146fa5ebc02c4d
  m_ItemId: 412
  m_ParentFlowchartItem: {fileID: 114501615566329778}
  m_WaitUntilFinished:
    m_VariableDataType: 0
    m_Variable: {fileID: 0}
    m_Command: {fileID: 0}
    m_Localize: 0
    m_DataVal: 0
  m_IndentLevel: 0
  m_CommandIndex: 1
  m_TargetBlock:
    m_VariableDataType: 0
    m_Variable: {fileID: 0}
    m_Command: {fileID: 0}
    m_Localize: 0
    m_DataVal: {fileID: 114965185475392524, guid: 9c277744cbf2e4ebeb9949b1e5f15e0a,
      type: 3}
  m_CallMode:
    m_VariableDataType: 0
    m_Variable: {fileID: 0}
    m_Command: {fileID: 0}
    m_Localize: 0
    m_DataVal: 0
  m_Parameters: []
  m_ReturnVariable: {fileID: 0}
  m_Description: 
--- !u!114 &114141929011204324
MonoBehaviour:
  m_ObjectHideFlags: 0
  m_CorrespondingSourceObject: {fileID: 0}
  m_PrefabInstance: {fileID: 0}
  m_PrefabAsset: {fileID: 0}
  m_GameObject: {fileID: 1246100459260582}
  m_Enabled: 1
  m_EditorHideFlags: 0
  m_Script: {fileID: 11500000, guid: 3d3d73aef2cfc4f51abf34ac00241f60, type: 3}
  m_Name: 
  m_EditorClassIdentifier: 
  m_Key: 114141929011204324_4ea9f780b4f5444fd9146fa5ebc02c4d
  m_ItemId: 414
  m_ParentFlowchartItem: {fileID: 0}
  m_TemplateBlock: {fileID: 0}
  m_NodePosition: {x: 40, y: -20}
  m_BlockName: LOCATION AND SPRITES
  m_Scope: 1
  m_Description: Set up pixel sprites in the waiting room
  m_Parameters: []
  m_ReturnTypeName: 
  m_EventHandler: {fileID: 114389036469804522}
  m_Commands:
  - {fileID: 114940505192916914}
  - {fileID: 114269314734063690}
  - {fileID: 114460255803734312}
  - {fileID: 114177979233577968}
  - {fileID: 114709574394243598}
--- !u!114 &114557294498336726
MonoBehaviour:
  m_ObjectHideFlags: 0
  m_CorrespondingSourceObject: {fileID: 0}
  m_PrefabInstance: {fileID: 0}
  m_PrefabAsset: {fileID: 0}
  m_GameObject: {fileID: 1246100459260582}
  m_Enabled: 1
  m_EditorHideFlags: 0
  m_Script: {fileID: 11500000, guid: 050fb9e6e72f442b3b883da8a965bdeb, type: 3}
  m_Name: 
  m_EditorClassIdentifier: 
  m_Key: 114557294498336726_4ea9f780b4f5444fd9146fa5ebc02c4d
  m_ItemId: 416
  m_ParentFlowchartItem: {fileID: 114267670261807800}
  m_WaitUntilFinished:
    m_VariableDataType: 0
    m_Variable: {fileID: 0}
    m_Command: {fileID: 0}
    m_Localize: 0
    m_DataVal: 0
  m_IndentLevel: 0
  m_CommandIndex: 0
  m_TargetBlock:
    m_VariableDataType: 0
    m_Variable: {fileID: 0}
    m_Command: {fileID: 0}
    m_Localize: 0
    m_DataVal: {fileID: 114376905543250342, guid: 9c277744cbf2e4ebeb9949b1e5f15e0a,
      type: 3}
  m_CallMode:
    m_VariableDataType: 0
    m_Variable: {fileID: 0}
    m_Command: {fileID: 0}
    m_Localize: 0
    m_DataVal: 1
  m_Parameters: []
  m_ReturnVariable: {fileID: 0}
  m_Description: 
--- !u!114 &114147664116588868
MonoBehaviour:
  m_ObjectHideFlags: 0
  m_CorrespondingSourceObject: {fileID: 0}
  m_PrefabInstance: {fileID: 0}
  m_PrefabAsset: {fileID: 0}
  m_GameObject: {fileID: 1246100459260582}
  m_Enabled: 1
  m_EditorHideFlags: 0
  m_Script: {fileID: 11500000, guid: 050fb9e6e72f442b3b883da8a965bdeb, type: 3}
  m_Name: 
  m_EditorClassIdentifier: 
  m_Key: 114147664116588868_4ea9f780b4f5444fd9146fa5ebc02c4d
  m_ItemId: 419
  m_ParentFlowchartItem: {fileID: 114463327971425822}
  m_WaitUntilFinished:
    m_VariableDataType: 0
    m_Variable: {fileID: 0}
    m_Command: {fileID: 0}
    m_Localize: 0
    m_DataVal: 0
  m_IndentLevel: 0
  m_CommandIndex: 0
  m_TargetBlock:
    m_VariableDataType: 0
    m_Variable: {fileID: 0}
    m_Command: {fileID: 0}
    m_Localize: 0
    m_DataVal: {fileID: 114331436856589594, guid: 9c277744cbf2e4ebeb9949b1e5f15e0a,
      type: 3}
  m_CallMode:
    m_VariableDataType: 0
    m_Variable: {fileID: 0}
    m_Command: {fileID: 0}
    m_Localize: 0
    m_DataVal: 0
  m_Parameters: []
  m_ReturnVariable: {fileID: 0}
  m_Description: 
--- !u!114 &114547209446628056
MonoBehaviour:
  m_ObjectHideFlags: 0
  m_CorrespondingSourceObject: {fileID: 0}
  m_PrefabInstance: {fileID: 0}
  m_PrefabAsset: {fileID: 0}
  m_GameObject: {fileID: 1246100459260582}
  m_Enabled: 1
  m_EditorHideFlags: 0
  m_Script: {fileID: 11500000, guid: 050fb9e6e72f442b3b883da8a965bdeb, type: 3}
  m_Name: 
  m_EditorClassIdentifier: 
  m_Key: 114547209446628056_4ea9f780b4f5444fd9146fa5ebc02c4d
  m_ItemId: 459
  m_ParentFlowchartItem: {fileID: 114914170805245586}
  m_WaitUntilFinished:
    m_VariableDataType: 0
    m_Variable: {fileID: 0}
    m_Command: {fileID: 0}
    m_Localize: 0
    m_DataVal: 0
  m_IndentLevel: 0
  m_CommandIndex: 0
  m_TargetBlock:
    m_VariableDataType: 0
    m_Variable: {fileID: 0}
    m_Command: {fileID: 0}
    m_Localize: 0
    m_DataVal: {fileID: 114984043921491396, guid: 9c277744cbf2e4ebeb9949b1e5f15e0a,
      type: 3}
  m_CallMode:
    m_VariableDataType: 0
    m_Variable: {fileID: 0}
    m_Command: {fileID: 0}
    m_Localize: 0
    m_DataVal: 1
  m_Parameters: []
  m_ReturnVariable: {fileID: 0}
  m_Description: 
--- !u!114 &114898655885490792
MonoBehaviour:
  m_ObjectHideFlags: 0
  m_CorrespondingSourceObject: {fileID: 0}
  m_PrefabInstance: {fileID: 0}
  m_PrefabAsset: {fileID: 0}
  m_GameObject: {fileID: 1246100459260582}
  m_Enabled: 1
  m_EditorHideFlags: 0
  m_Script: {fileID: 11500000, guid: d2f6487d21a03404cb21b245f0242e79, type: 3}
  m_Name: 
  m_EditorClassIdentifier: 
  m_Key: 114898655885490792_4ea9f780b4f5444fd9146fa5ebc02c4d
  m_ItemId: -1
  m_ParentFlowchartItem: {fileID: 114501615566329778}
--- !u!114 &114364039186716798
MonoBehaviour:
  m_ObjectHideFlags: 0
  m_CorrespondingSourceObject: {fileID: 0}
  m_PrefabInstance: {fileID: 0}
  m_PrefabAsset: {fileID: 0}
  m_GameObject: {fileID: 1246100459260582}
  m_Enabled: 1
  m_EditorHideFlags: 0
  m_Script: {fileID: 11500000, guid: fb77d0ce495044f6e9feb91b31798e8c, type: 3}
  m_Name: 
  m_EditorClassIdentifier: 
  m_Key: 114364039186716798_4ea9f780b4f5444fd9146fa5ebc02c4d
  m_ItemId: 462
  m_ParentFlowchartItem: {fileID: 114501615566329778}
  m_WaitUntilFinished:
    m_VariableDataType: 0
    m_Variable: {fileID: 0}
    m_Command: {fileID: 0}
    m_Localize: 0
    m_DataVal: 0
  m_IndentLevel: 0
  m_CommandIndex: 0
  m_Variable: {fileID: 114614289901649776, guid: 9c277744cbf2e4ebeb9949b1e5f15e0a,
    type: 3}
  m_Operation: 0
  m_Value:
    m_VariableDataType: 1
    m_Variable: {fileID: 114515584017403274}
    m_Command: {fileID: 0}
    m_Localize: 0
    m_DataVal:
      m_ValueTypeName: Fungus.Flowchart, Fungus
      m_UseDynamicValueType: 0
      m_SerializedValue: 
      m_ObjectReferenceValue: {fileID: 0}
      m_ObjectReferenceListValue: []
--- !u!114 &114389036469804522
MonoBehaviour:
  m_ObjectHideFlags: 0
  m_CorrespondingSourceObject: {fileID: 0}
  m_PrefabInstance: {fileID: 0}
  m_PrefabAsset: {fileID: 0}
  m_GameObject: {fileID: 1246100459260582}
  m_Enabled: 1
  m_EditorHideFlags: 0
  m_Script: {fileID: 11500000, guid: d2f6487d21a03404cb21b245f0242e79, type: 3}
  m_Name: 
  m_EditorClassIdentifier: 
  m_Key: 114389036469804522_4ea9f780b4f5444fd9146fa5ebc02c4d
  m_ItemId: -1
  m_ParentFlowchartItem: {fileID: 114141929011204324}
--- !u!114 &114515584017403274
MonoBehaviour:
  m_ObjectHideFlags: 0
  m_CorrespondingSourceObject: {fileID: 0}
  m_PrefabInstance: {fileID: 0}
  m_PrefabAsset: {fileID: 0}
  m_GameObject: {fileID: 1246100459260582}
  m_Enabled: 1
  m_EditorHideFlags: 0
  m_Script: {fileID: 11500000, guid: c025397cef947fa4092ac7d21f0d7537, type: 3}
  m_Name: 
  m_EditorClassIdentifier: 
  m_Key: 114515584017403274_4ea9f780b4f5444fd9146fa5ebc02c4d
  m_ItemId: -1
  m_ParentFlowchartItem: {fileID: 114364039186716798}
  m_TemplateVariable: {fileID: 0}
  m_VariableName: StatType
  m_Scope: 0
  m_Localize: 0
  m_VariableIndex: 0
  m_Value: {fileID: 114484808782270462, guid: 119c0a20961174d99a08d4cf8bf937d6, type: 3}
--- !u!114 &114784078232408756
MonoBehaviour:
  m_ObjectHideFlags: 0
  m_CorrespondingSourceObject: {fileID: 0}
  m_PrefabInstance: {fileID: 0}
  m_PrefabAsset: {fileID: 0}
  m_GameObject: {fileID: 1246100459260582}
  m_Enabled: 1
  m_EditorHideFlags: 0
  m_Script: {fileID: 11500000, guid: 4580f28dd8581476b810b38eea2f1316, type: 3}
  m_Name: 
  m_EditorClassIdentifier: 
  m_Key: 114784078232408756_4ea9f780b4f5444fd9146fa5ebc02c4d
  m_ItemId: -1
  m_ParentFlowchartItem: {fileID: 114846177110241660}
  m_TemplateVariable: {fileID: 0}
  m_VariableName: SceneDescription
  m_Scope: 1
  m_Localize: 1
  m_VariableIndex: 1
  m_Value: 
--- !u!114 &114516465483508110
MonoBehaviour:
  m_ObjectHideFlags: 0
  m_CorrespondingSourceObject: {fileID: 0}
  m_PrefabInstance: {fileID: 0}
  m_PrefabAsset: {fileID: 0}
  m_GameObject: {fileID: 1246100459260582}
  m_Enabled: 1
  m_EditorHideFlags: 0
  m_Script: {fileID: 11500000, guid: 3d3d73aef2cfc4f51abf34ac00241f60, type: 3}
  m_Name: 
  m_EditorClassIdentifier: 
  m_Key: 114516465483508110_4ea9f780b4f5444fd9146fa5ebc02c4d
  m_ItemId: 968
  m_ParentFlowchartItem: {fileID: 0}
  m_TemplateBlock: {fileID: 0}
  m_NodePosition: {x: -130, y: 200}
  m_BlockName: YES
  m_Scope: 0
  m_Description: 
  m_Parameters: []
  m_ReturnTypeName: 
  m_EventHandler: {fileID: 0}
  m_Commands:
  - {fileID: 114585446093288456}
  - {fileID: 114407256042759934}
  - {fileID: 114231427951570222}
  - {fileID: 114654869949627432}
  - {fileID: 114558612044220020}
  - {fileID: 114306967522828216}
--- !u!114 &114585446093288456
MonoBehaviour:
  m_ObjectHideFlags: 0
  m_CorrespondingSourceObject: {fileID: 0}
  m_PrefabInstance: {fileID: 0}
  m_PrefabAsset: {fileID: 0}
  m_GameObject: {fileID: 1246100459260582}
  m_Enabled: 1
  m_EditorHideFlags: 0
  m_Script: {fileID: 11500000, guid: 050fb9e6e72f442b3b883da8a965bdeb, type: 3}
  m_Name: 
  m_EditorClassIdentifier: 
  m_Key: 114585446093288456_4ea9f780b4f5444fd9146fa5ebc02c4d
  m_ItemId: 969
  m_ParentFlowchartItem: {fileID: 114516465483508110}
  m_WaitUntilFinished:
    m_VariableDataType: 0
    m_Variable: {fileID: 0}
    m_Command: {fileID: 0}
    m_Localize: 0
    m_DataVal: 0
  m_IndentLevel: 0
  m_CommandIndex: 0
  m_TargetBlock:
    m_VariableDataType: 0
    m_Variable: {fileID: 0}
    m_Command: {fileID: 0}
    m_Localize: 0
    m_DataVal: {fileID: 114243300434690142, guid: 9c277744cbf2e4ebeb9949b1e5f15e0a,
      type: 3}
  m_CallMode:
    m_VariableDataType: 0
    m_Variable: {fileID: 0}
    m_Command: {fileID: 0}
    m_Localize: 0
    m_DataVal: 1
  m_Parameters: []
  m_ReturnVariable: {fileID: 0}
  m_Description: 
--- !u!114 &114306967522828216
MonoBehaviour:
  m_ObjectHideFlags: 0
  m_CorrespondingSourceObject: {fileID: 0}
  m_PrefabInstance: {fileID: 0}
  m_PrefabAsset: {fileID: 0}
  m_GameObject: {fileID: 1246100459260582}
  m_Enabled: 1
  m_EditorHideFlags: 0
  m_Script: {fileID: 11500000, guid: 050fb9e6e72f442b3b883da8a965bdeb, type: 3}
  m_Name: 
  m_EditorClassIdentifier: 
  m_Key: 114306967522828216_4ea9f780b4f5444fd9146fa5ebc02c4d
  m_ItemId: 970
  m_ParentFlowchartItem: {fileID: 114516465483508110}
  m_WaitUntilFinished:
    m_VariableDataType: 0
    m_Variable: {fileID: 0}
    m_Command: {fileID: 0}
    m_Localize: 0
    m_DataVal: 0
  m_IndentLevel: 0
  m_CommandIndex: 5
  m_TargetBlock:
    m_VariableDataType: 0
    m_Variable: {fileID: 0}
    m_Command: {fileID: 0}
    m_Localize: 0
    m_DataVal: {fileID: 114937531566732136}
  m_CallMode:
    m_VariableDataType: 0
    m_Variable: {fileID: 0}
    m_Command: {fileID: 0}
    m_Localize: 0
    m_DataVal: 1
  m_Parameters: []
  m_ReturnVariable: {fileID: 0}
  m_Description: 
--- !u!114 &114407256042759934
MonoBehaviour:
  m_ObjectHideFlags: 0
  m_CorrespondingSourceObject: {fileID: 0}
  m_PrefabInstance: {fileID: 0}
  m_PrefabAsset: {fileID: 0}
  m_GameObject: {fileID: 1246100459260582}
  m_Enabled: 1
  m_EditorHideFlags: 0
  m_Script: {fileID: 11500000, guid: 207aecf668a0345388087ccf522f9957, type: 3}
  m_Name: 
  m_EditorClassIdentifier: 
  m_Key: 114407256042759934_4ea9f780b4f5444fd9146fa5ebc02c4d
  m_ItemId: 971
  m_ParentFlowchartItem: {fileID: 114516465483508110}
  m_WaitUntilFinished:
    m_VariableDataType: 0
    m_Variable: {fileID: 0}
    m_Command: {fileID: 0}
    m_Localize: 0
    m_DataVal: 1
  m_IndentLevel: 0
  m_CommandIndex: 1
  m_FadeColor:
    m_VariableDataType: 0
    m_Variable: {fileID: 0}
    m_Command: {fileID: 0}
    m_Localize: 0
    m_DataVal: {r: 0, g: 0, b: 0, a: 1}
  m_SortingOrder:
    m_VariableDataType: 0
    m_Variable: {fileID: 0}
    m_Command: {fileID: 0}
    m_Localize: 0
    m_DataVal: 99
  m_Duration:
    m_VariableDataType: 0
    m_Variable: {fileID: 0}
    m_Command: {fileID: 0}
    m_Localize: 0
    m_DataVal: 1
--- !u!114 &114937531566732136
MonoBehaviour:
  m_ObjectHideFlags: 0
  m_CorrespondingSourceObject: {fileID: 0}
  m_PrefabInstance: {fileID: 0}
  m_PrefabAsset: {fileID: 0}
  m_GameObject: {fileID: 1246100459260582}
  m_Enabled: 1
  m_EditorHideFlags: 0
  m_Script: {fileID: 11500000, guid: 3d3d73aef2cfc4f51abf34ac00241f60, type: 3}
  m_Name: 
  m_EditorClassIdentifier: 
  m_Key: 114937531566732136_4ea9f780b4f5444fd9146fa5ebc02c4d
  m_ItemId: 975
  m_ParentFlowchartItem: {fileID: 0}
  m_TemplateBlock: {fileID: 0}
  m_NodePosition: {x: -130, y: 300}
  m_BlockName: NEW LOCATION
  m_Scope: 1
  m_Description: Set up pixel sprites in John's office
  m_Parameters: []
  m_ReturnTypeName: 
  m_EventHandler: {fileID: 0}
  m_Commands:
  - {fileID: 114311541960229972}
  - {fileID: 114904608799958160}
  - {fileID: 114124873291375986}
--- !u!114 &114311541960229972
MonoBehaviour:
  m_ObjectHideFlags: 0
  m_CorrespondingSourceObject: {fileID: 0}
  m_PrefabInstance: {fileID: 0}
  m_PrefabAsset: {fileID: 0}
  m_GameObject: {fileID: 1246100459260582}
  m_Enabled: 1
  m_EditorHideFlags: 0
  m_Script: {fileID: 11500000, guid: 45c952ea1ad444e479b570fa242679c5, type: 3}
  m_Name: 
  m_EditorClassIdentifier: 
  m_Key: 114311541960229972_4ea9f780b4f5444fd9146fa5ebc02c4d
  m_ItemId: 978
  m_ParentFlowchartItem: {fileID: 114937531566732136}
  m_WaitUntilFinished:
    m_VariableDataType: 0
    m_Variable: {fileID: 0}
    m_Command: {fileID: 0}
    m_Localize: 0
    m_DataVal: 0
  m_IndentLevel: 0
  m_CommandIndex: 0
  m_MainCamera:
    m_VariableDataType: 0
    m_Variable: {fileID: 0}
    m_Command: {fileID: 0}
    m_Localize: 0
    m_DataVal: 1
  m_Camera:
    m_VariableDataType: 0
    m_Variable: {fileID: 0}
    m_Command: {fileID: 0}
    m_Localize: 0
    m_DataVal: {fileID: 0}
  m_Duration:
    m_VariableDataType: 0
    m_Variable: {fileID: 0}
    m_Command: {fileID: 0}
    m_Localize: 0
    m_DataVal: 0
  m_Ease:
    m_VariableDataType: 0
    m_Variable: {fileID: 0}
    m_Command: {fileID: 0}
    m_Localize: 0
    m_DataVal: 7
  m_CameraTarget: 0
  m_TargetView:
    m_VariableDataType: 0
    m_Variable: {fileID: 0}
    m_Command: {fileID: 0}
    m_Localize: 0
    m_DataVal: {fileID: 0}
  m_TargetPosition:
    m_VariableDataType: 0
    m_Variable: {fileID: 0}
    m_Command: {fileID: 0}
    m_Localize: 0
    m_DataVal: {x: 6, y: 4, z: 0}
  m_TargetObject:
    m_VariableDataType: 0
    m_Variable: {fileID: 0}
    m_Command: {fileID: 0}
    m_Localize: 0
    m_DataVal: {fileID: 179140, guid: 63f131f616a63164497c245cc6ea0bb3, type: 3}
--- !u!114 &114904608799958160
MonoBehaviour:
  m_ObjectHideFlags: 0
  m_CorrespondingSourceObject: {fileID: 0}
  m_PrefabInstance: {fileID: 0}
  m_PrefabAsset: {fileID: 0}
  m_GameObject: {fileID: 1246100459260582}
  m_Enabled: 1
  m_EditorHideFlags: 0
  m_Script: {fileID: 11500000, guid: 207aecf668a0345388087ccf522f9957, type: 3}
  m_Name: 
  m_EditorClassIdentifier: 
  m_Key: 114904608799958160_4ea9f780b4f5444fd9146fa5ebc02c4d
  m_ItemId: 979
  m_ParentFlowchartItem: {fileID: 114937531566732136}
  m_WaitUntilFinished:
    m_VariableDataType: 0
    m_Variable: {fileID: 0}
    m_Command: {fileID: 0}
    m_Localize: 0
    m_DataVal: 1
  m_IndentLevel: 0
  m_CommandIndex: 1
  m_FadeColor:
    m_VariableDataType: 0
    m_Variable: {fileID: 0}
    m_Command: {fileID: 0}
    m_Localize: 0
    m_DataVal: {r: 0, g: 0, b: 0, a: 0}
  m_SortingOrder:
    m_VariableDataType: 0
    m_Variable: {fileID: 0}
    m_Command: {fileID: 0}
    m_Localize: 0
    m_DataVal: 99
  m_Duration:
    m_VariableDataType: 0
    m_Variable: {fileID: 0}
    m_Command: {fileID: 0}
    m_Localize: 0
    m_DataVal: 1
--- !u!114 &114124873291375986
MonoBehaviour:
  m_ObjectHideFlags: 0
  m_CorrespondingSourceObject: {fileID: 0}
  m_PrefabInstance: {fileID: 0}
  m_PrefabAsset: {fileID: 0}
  m_GameObject: {fileID: 1246100459260582}
  m_Enabled: 1
  m_EditorHideFlags: 0
  m_Script: {fileID: 11500000, guid: 050fb9e6e72f442b3b883da8a965bdeb, type: 3}
  m_Name: 
  m_EditorClassIdentifier: 
  m_Key: 114124873291375986_4ea9f780b4f5444fd9146fa5ebc02c4d
  m_ItemId: 980
  m_ParentFlowchartItem: {fileID: 114937531566732136}
  m_WaitUntilFinished:
    m_VariableDataType: 0
    m_Variable: {fileID: 0}
    m_Command: {fileID: 0}
    m_Localize: 0
    m_DataVal: 0
  m_IndentLevel: 0
  m_CommandIndex: 2
  m_TargetBlock:
    m_VariableDataType: 0
    m_Variable: {fileID: 0}
    m_Command: {fileID: 0}
    m_Localize: 0
    m_DataVal: {fileID: 114914170805245586}
  m_CallMode:
    m_VariableDataType: 0
    m_Variable: {fileID: 0}
    m_Command: {fileID: 0}
    m_Localize: 0
    m_DataVal: 0
  m_Parameters: []
  m_ReturnVariable: {fileID: 0}
  m_Description: 
--- !u!114 &114548923956378638
MonoBehaviour:
  m_ObjectHideFlags: 0
  m_CorrespondingSourceObject: {fileID: 0}
  m_PrefabInstance: {fileID: 0}
  m_PrefabAsset: {fileID: 0}
  m_GameObject: {fileID: 1246100459260582}
  m_Enabled: 1
  m_EditorHideFlags: 0
  m_Script: {fileID: 11500000, guid: 207aecf668a0345388087ccf522f9957, type: 3}
  m_Name: 
  m_EditorClassIdentifier: 
  m_Key: 114548923956378638_4ea9f780b4f5444fd9146fa5ebc02c4d
  m_ItemId: 983
  m_ParentFlowchartItem: {fileID: 114501615566329778}
  m_WaitUntilFinished:
    m_VariableDataType: 0
    m_Variable: {fileID: 0}
    m_Command: {fileID: 0}
    m_Localize: 0
    m_DataVal: 1
  m_IndentLevel: 0
  m_CommandIndex: 2
  m_FadeColor:
    m_VariableDataType: 0
    m_Variable: {fileID: 0}
    m_Command: {fileID: 0}
    m_Localize: 0
    m_DataVal: {r: 0, g: 0, b: 0, a: 1}
  m_SortingOrder:
    m_VariableDataType: 0
    m_Variable: {fileID: 0}
    m_Command: {fileID: 0}
    m_Localize: 0
    m_DataVal: 99
  m_Duration:
    m_VariableDataType: 0
    m_Variable: {fileID: 0}
    m_Command: {fileID: 0}
    m_Localize: 0
    m_DataVal: 0
--- !u!114 &114360316105295040
MonoBehaviour:
  m_ObjectHideFlags: 0
  m_CorrespondingSourceObject: {fileID: 0}
  m_PrefabInstance: {fileID: 0}
  m_PrefabAsset: {fileID: 0}
  m_GameObject: {fileID: 1246100459260582}
  m_Enabled: 1
  m_EditorHideFlags: 0
  m_Script: {fileID: 11500000, guid: 45c952ea1ad444e479b570fa242679c5, type: 3}
  m_Name: 
  m_EditorClassIdentifier: 
  m_Key: 114360316105295040_4ea9f780b4f5444fd9146fa5ebc02c4d
  m_ItemId: 984
  m_ParentFlowchartItem: {fileID: 114501615566329778}
  m_WaitUntilFinished:
    m_VariableDataType: 0
    m_Variable: {fileID: 0}
    m_Command: {fileID: 0}
    m_Localize: 0
    m_DataVal: 1
  m_IndentLevel: 0
  m_CommandIndex: 3
  m_MainCamera:
    m_VariableDataType: 0
    m_Variable: {fileID: 0}
    m_Command: {fileID: 0}
    m_Localize: 0
    m_DataVal: 1
  m_Camera:
    m_VariableDataType: 0
    m_Variable: {fileID: 0}
    m_Command: {fileID: 0}
    m_Localize: 0
    m_DataVal: {fileID: 0}
  m_Duration:
    m_VariableDataType: 0
    m_Variable: {fileID: 0}
    m_Command: {fileID: 0}
    m_Localize: 0
    m_DataVal: 0
  m_Ease:
    m_VariableDataType: 0
    m_Variable: {fileID: 0}
    m_Command: {fileID: 0}
    m_Localize: 0
    m_DataVal: 7
  m_CameraTarget: 0
  m_TargetView:
    m_VariableDataType: 0
    m_Variable: {fileID: 0}
    m_Command: {fileID: 0}
    m_Localize: 0
    m_DataVal: {fileID: 0}
  m_TargetPosition:
    m_VariableDataType: 0
    m_Variable: {fileID: 0}
    m_Command: {fileID: 0}
    m_Localize: 0
    m_DataVal: {x: 7, y: 4, z: 0}
  m_TargetObject:
    m_VariableDataType: 0
    m_Variable: {fileID: 0}
    m_Command: {fileID: 0}
    m_Localize: 0
    m_DataVal: {fileID: 0}
--- !u!114 &114459287111324286
MonoBehaviour:
  m_ObjectHideFlags: 0
  m_CorrespondingSourceObject: {fileID: 0}
  m_PrefabInstance: {fileID: 0}
  m_PrefabAsset: {fileID: 0}
  m_GameObject: {fileID: 1246100459260582}
  m_Enabled: 1
  m_EditorHideFlags: 0
  m_Script: {fileID: 11500000, guid: 207aecf668a0345388087ccf522f9957, type: 3}
  m_Name: 
  m_EditorClassIdentifier: 
  m_Key: 114459287111324286_4ea9f780b4f5444fd9146fa5ebc02c4d
  m_ItemId: 985
  m_ParentFlowchartItem: {fileID: 114267670261807800}
  m_WaitUntilFinished:
    m_VariableDataType: 0
    m_Variable: {fileID: 0}
    m_Command: {fileID: 0}
    m_Localize: 0
    m_DataVal: 1
  m_IndentLevel: 0
  m_CommandIndex: 1
  m_FadeColor:
    m_VariableDataType: 0
    m_Variable: {fileID: 0}
    m_Command: {fileID: 0}
    m_Localize: 0
    m_DataVal: {r: 0, g: 0, b: 0, a: 0}
  m_SortingOrder:
    m_VariableDataType: 0
    m_Variable: {fileID: 0}
    m_Command: {fileID: 0}
    m_Localize: 0
    m_DataVal: 99
  m_Duration:
    m_VariableDataType: 0
    m_Variable: {fileID: 0}
    m_Command: {fileID: 0}
    m_Localize: 0
    m_DataVal: 1
--- !u!114 &114971791761666980
MonoBehaviour:
  m_ObjectHideFlags: 0
  m_CorrespondingSourceObject: {fileID: 0}
  m_PrefabInstance: {fileID: 0}
  m_PrefabAsset: {fileID: 0}
  m_GameObject: {fileID: 1246100459260582}
  m_Enabled: 1
  m_EditorHideFlags: 0
  m_Script: {fileID: 11500000, guid: 3315ad2ebb85443909a1203d56d9344e, type: 3}
  m_Name: 
  m_EditorClassIdentifier: 
  m_Key: 114971791761666980_4ea9f780b4f5444fd9146fa5ebc02c4d
  m_ItemId: 988
  m_ParentFlowchartItem: {fileID: 114267670261807800}
  m_WaitUntilFinished:
    m_VariableDataType: 0
    m_Variable: {fileID: 0}
    m_Command: {fileID: 0}
    m_Localize: 0
    m_DataVal: 0
  m_IndentLevel: 0
  m_CommandIndex: 4
  m_Duration:
    m_VariableDataType: 0
    m_Variable: {fileID: 0}
    m_Command: {fileID: 0}
    m_Localize: 0
    m_DataVal: 0.2
--- !u!114 &114870111413149906
MonoBehaviour:
  m_ObjectHideFlags: 0
  m_CorrespondingSourceObject: {fileID: 0}
  m_PrefabInstance: {fileID: 0}
  m_PrefabAsset: {fileID: 0}
  m_GameObject: {fileID: 1246100459260582}
  m_Enabled: 1
  m_EditorHideFlags: 0
  m_Script: {fileID: 11500000, guid: 2423ebd60783d3d4b83dd187d44ce05b, type: 3}
  m_Name: 
  m_EditorClassIdentifier: 
  m_Key: 114870111413149906_4ea9f780b4f5444fd9146fa5ebc02c4d
  m_ItemId: 990
  m_ParentFlowchartItem: {fileID: 114267670261807800}
  m_WaitUntilFinished:
    m_VariableDataType: 0
    m_Variable: {fileID: 0}
    m_Command: {fileID: 0}
    m_Localize: 0
    m_DataVal: 0
  m_IndentLevel: 0
  m_CommandIndex: 2
  m_WorldSprite:
    m_VariableDataType: 0
    m_Variable: {fileID: 0}
    m_Command: {fileID: 0}
    m_Localize: 0
    m_DataVal: {fileID: 11479140, guid: 63f131f616a63164497c245cc6ea0bb3, type: 3}
  m_TurnToward: 0
  m_TargetDirection:
    m_VariableDataType: 0
    m_Variable: {fileID: 0}
    m_Command: {fileID: 0}
    m_Localize: 0
    m_DataVal: 3
  m_TargetPosition:
    m_VariableDataType: 0
    m_Variable: {fileID: 0}
    m_Command: {fileID: 0}
    m_Localize: 0
    m_DataVal: {x: 0, y: 0}
  m_TargetWorldSprite:
    m_VariableDataType: 0
    m_Variable: {fileID: 0}
    m_Command: {fileID: 0}
    m_Localize: 0
    m_DataVal: {fileID: 0}
  m_TargetCollider:
    m_VariableDataType: 0
    m_Variable: {fileID: 0}
    m_Command: {fileID: 0}
    m_Localize: 0
    m_DataVal: {fileID: 0}
--- !u!114 &114176576868923196
MonoBehaviour:
  m_ObjectHideFlags: 0
  m_CorrespondingSourceObject: {fileID: 0}
  m_PrefabInstance: {fileID: 0}
  m_PrefabAsset: {fileID: 0}
  m_GameObject: {fileID: 1246100459260582}
  m_Enabled: 1
  m_EditorHideFlags: 0
  m_Script: {fileID: 11500000, guid: c4be586d3f8cedc4db615723a2feed9b, type: 3}
  m_Name: 
  m_EditorClassIdentifier: 
  m_Key: 114176576868923196_4ea9f780b4f5444fd9146fa5ebc02c4d
  m_ItemId: 991
  m_ParentFlowchartItem: {fileID: 114267670261807800}
  m_WaitUntilFinished:
    m_VariableDataType: 0
    m_Variable: {fileID: 0}
    m_Command: {fileID: 0}
    m_Localize: 0
    m_DataVal: 1
  m_IndentLevel: 0
  m_CommandIndex: 3
  m_WorldSprite:
    m_VariableDataType: 0
    m_Variable: {fileID: 0}
    m_Command: {fileID: 0}
    m_Localize: 0
    m_DataVal: {fileID: 11479140, guid: 63f131f616a63164497c245cc6ea0bb3, type: 3}
  m_Animation:
    m_VariableDataType: 0
    m_Variable: {fileID: 0}
    m_Command: {fileID: 0}
    m_Localize: 0
    m_DataVal: {fileID: 11479134, guid: 63f131f616a63164497c245cc6ea0bb3, type: 3}
  m_AnimationIndex:
    m_VariableDataType: 0
    m_Variable: {fileID: 0}
    m_Command: {fileID: 0}
    m_Localize: 0
    m_DataVal: 0
  m_Position:
    m_VariableDataType: 0
    m_Variable: {fileID: 0}
    m_Command: {fileID: 0}
    m_Localize: 0
    m_DataVal: {x: 7, y: 3}
  m_Relative:
    m_VariableDataType: 0
    m_Variable: {fileID: 0}
    m_Command: {fileID: 0}
    m_Localize: 0
    m_DataVal: 0
  m_FaceMoveDirection:
    m_VariableDataType: 0
    m_Variable: {fileID: 0}
    m_Command: {fileID: 0}
    m_Localize: 0
    m_DataVal: 0
  m_FacingDirection:
    m_VariableDataType: 0
    m_Variable: {fileID: 0}
    m_Command: {fileID: 0}
    m_Localize: 0
    m_DataVal: 3
--- !u!114 &114155515973701786
MonoBehaviour:
  m_ObjectHideFlags: 0
  m_CorrespondingSourceObject: {fileID: 0}
  m_PrefabInstance: {fileID: 0}
  m_PrefabAsset: {fileID: 0}
  m_GameObject: {fileID: 1246100459260582}
  m_Enabled: 1
  m_EditorHideFlags: 0
  m_Script: {fileID: 11500000, guid: 2423ebd60783d3d4b83dd187d44ce05b, type: 3}
  m_Name: 
  m_EditorClassIdentifier: 
  m_Key: 114155515973701786_4ea9f780b4f5444fd9146fa5ebc02c4d
  m_ItemId: 992
  m_ParentFlowchartItem: {fileID: 114267670261807800}
  m_WaitUntilFinished:
    m_VariableDataType: 0
    m_Variable: {fileID: 0}
    m_Command: {fileID: 0}
    m_Localize: 0
    m_DataVal: 0
  m_IndentLevel: 0
  m_CommandIndex: 5
  m_WorldSprite:
    m_VariableDataType: 0
    m_Variable: {fileID: 0}
    m_Command: {fileID: 0}
    m_Localize: 0
    m_DataVal: {fileID: 11479140, guid: 63f131f616a63164497c245cc6ea0bb3, type: 3}
  m_TurnToward: 0
  m_TargetDirection:
    m_VariableDataType: 0
    m_Variable: {fileID: 0}
    m_Command: {fileID: 0}
    m_Localize: 0
    m_DataVal: 2
  m_TargetPosition:
    m_VariableDataType: 0
    m_Variable: {fileID: 0}
    m_Command: {fileID: 0}
    m_Localize: 0
    m_DataVal: {x: 0, y: 0}
  m_TargetWorldSprite:
    m_VariableDataType: 0
    m_Variable: {fileID: 0}
    m_Command: {fileID: 0}
    m_Localize: 0
    m_DataVal: {fileID: 0}
  m_TargetCollider:
    m_VariableDataType: 0
    m_Variable: {fileID: 0}
    m_Command: {fileID: 0}
    m_Localize: 0
    m_DataVal: {fileID: 0}
--- !u!114 &114526973512254978
MonoBehaviour:
  m_ObjectHideFlags: 0
  m_CorrespondingSourceObject: {fileID: 0}
  m_PrefabInstance: {fileID: 0}
  m_PrefabAsset: {fileID: 0}
  m_GameObject: {fileID: 1246100459260582}
  m_Enabled: 1
  m_EditorHideFlags: 0
  m_Script: {fileID: 11500000, guid: c4be586d3f8cedc4db615723a2feed9b, type: 3}
  m_Name: 
  m_EditorClassIdentifier: 
  m_Key: 114526973512254978_4ea9f780b4f5444fd9146fa5ebc02c4d
  m_ItemId: 993
  m_ParentFlowchartItem: {fileID: 114267670261807800}
  m_WaitUntilFinished:
    m_VariableDataType: 0
    m_Variable: {fileID: 0}
    m_Command: {fileID: 0}
    m_Localize: 0
    m_DataVal: 1
  m_IndentLevel: 0
  m_CommandIndex: 6
  m_WorldSprite:
    m_VariableDataType: 0
    m_Variable: {fileID: 0}
    m_Command: {fileID: 0}
    m_Localize: 0
    m_DataVal: {fileID: 11479140, guid: 63f131f616a63164497c245cc6ea0bb3, type: 3}
  m_Animation:
    m_VariableDataType: 0
    m_Variable: {fileID: 0}
    m_Command: {fileID: 0}
    m_Localize: 0
    m_DataVal: {fileID: 11479134, guid: 63f131f616a63164497c245cc6ea0bb3, type: 3}
  m_AnimationIndex:
    m_VariableDataType: 0
    m_Variable: {fileID: 0}
    m_Command: {fileID: 0}
    m_Localize: 0
    m_DataVal: 0
  m_Position:
    m_VariableDataType: 0
    m_Variable: {fileID: 0}
    m_Command: {fileID: 0}
    m_Localize: 0
    m_DataVal: {x: 7, y: 3}
  m_Relative:
    m_VariableDataType: 0
    m_Variable: {fileID: 0}
    m_Command: {fileID: 0}
    m_Localize: 0
    m_DataVal: 0
  m_FaceMoveDirection:
    m_VariableDataType: 0
    m_Variable: {fileID: 0}
    m_Command: {fileID: 0}
    m_Localize: 0
    m_DataVal: 0
  m_FacingDirection:
    m_VariableDataType: 0
    m_Variable: {fileID: 0}
    m_Command: {fileID: 0}
    m_Localize: 0
    m_DataVal: 2
--- !u!114 &114940505192916914
MonoBehaviour:
  m_ObjectHideFlags: 0
  m_CorrespondingSourceObject: {fileID: 0}
  m_PrefabInstance: {fileID: 0}
  m_PrefabAsset: {fileID: 0}
  m_GameObject: {fileID: 1246100459260582}
  m_Enabled: 1
  m_EditorHideFlags: 0
  m_Script: {fileID: 11500000, guid: 2b4b815146dad4e499f7751c284a6b51, type: 3}
  m_Name: 
  m_EditorClassIdentifier: 
  m_Key: 114940505192916914_4ea9f780b4f5444fd9146fa5ebc02c4d
  m_ItemId: 994
  m_ParentFlowchartItem: {fileID: 114141929011204324}
  m_WaitUntilFinished:
    m_VariableDataType: 0
    m_Variable: {fileID: 0}
    m_Command: {fileID: 0}
    m_Localize: 0
    m_DataVal: 0
  m_IndentLevel: 0
  m_CommandIndex: 0
  m_WorldMap:
    m_VariableDataType: 0
    m_Variable: {fileID: 0}
    m_Command: {fileID: 0}
    m_Localize: 0
    m_DataVal: {fileID: 11441786, guid: cba2d57e535dd8743a7c87b7c22b81fb, type: 3}
--- !u!114 &114269314734063690
MonoBehaviour:
  m_ObjectHideFlags: 0
  m_CorrespondingSourceObject: {fileID: 0}
  m_PrefabInstance: {fileID: 0}
  m_PrefabAsset: {fileID: 0}
  m_GameObject: {fileID: 1246100459260582}
  m_Enabled: 1
  m_EditorHideFlags: 0
  m_Script: {fileID: 11500000, guid: 2423ebd60783d3d4b83dd187d44ce05b, type: 3}
  m_Name: 
  m_EditorClassIdentifier: 
  m_Key: 114269314734063690_4ea9f780b4f5444fd9146fa5ebc02c4d
  m_ItemId: 995
  m_ParentFlowchartItem: {fileID: 114141929011204324}
  m_WaitUntilFinished:
    m_VariableDataType: 0
    m_Variable: {fileID: 0}
    m_Command: {fileID: 0}
    m_Localize: 0
    m_DataVal: 0
  m_IndentLevel: 0
  m_CommandIndex: 1
  m_WorldSprite:
    m_VariableDataType: 0
    m_Variable: {fileID: 0}
    m_Command: {fileID: 0}
    m_Localize: 0
    m_DataVal: {fileID: 11461420, guid: cba2d57e535dd8743a7c87b7c22b81fb, type: 3}
  m_TurnToward: 0
  m_TargetDirection:
    m_VariableDataType: 0
    m_Variable: {fileID: 0}
    m_Command: {fileID: 0}
    m_Localize: 0
    m_DataVal: 0
  m_TargetPosition:
    m_VariableDataType: 0
    m_Variable: {fileID: 0}
    m_Command: {fileID: 0}
    m_Localize: 0
    m_DataVal: {x: 0, y: 0}
  m_TargetWorldSprite:
    m_VariableDataType: 0
    m_Variable: {fileID: 0}
    m_Command: {fileID: 0}
    m_Localize: 0
    m_DataVal: {fileID: 0}
  m_TargetCollider:
    m_VariableDataType: 0
    m_Variable: {fileID: 0}
    m_Command: {fileID: 0}
    m_Localize: 0
    m_DataVal: {fileID: 0}
--- !u!114 &114460255803734312
MonoBehaviour:
  m_ObjectHideFlags: 0
  m_CorrespondingSourceObject: {fileID: 0}
  m_PrefabInstance: {fileID: 0}
  m_PrefabAsset: {fileID: 0}
  m_GameObject: {fileID: 1246100459260582}
  m_Enabled: 1
  m_EditorHideFlags: 0
  m_Script: {fileID: 11500000, guid: 2814910703c1c874c85ef25fa85af4be, type: 3}
  m_Name: 
  m_EditorClassIdentifier: 
  m_Key: 114460255803734312_4ea9f780b4f5444fd9146fa5ebc02c4d
  m_ItemId: 996
  m_ParentFlowchartItem: {fileID: 114141929011204324}
  m_WaitUntilFinished:
    m_VariableDataType: 0
    m_Variable: {fileID: 0}
    m_Command: {fileID: 0}
    m_Localize: 0
    m_DataVal: 1
  m_IndentLevel: 0
  m_CommandIndex: 2
  m_WorldSprite:
    m_VariableDataType: 0
    m_Variable: {fileID: 0}
    m_Command: {fileID: 0}
    m_Localize: 0
    m_DataVal: {fileID: 11461420, guid: cba2d57e535dd8743a7c87b7c22b81fb, type: 3}
  m_Animation:
    m_VariableDataType: 0
    m_Variable: {fileID: 0}
    m_Command: {fileID: 0}
    m_Localize: 0
    m_DataVal: {fileID: 11486230, guid: cba2d57e535dd8743a7c87b7c22b81fb, type: 3}
  m_AnimationIndex:
    m_VariableDataType: 0
    m_Variable: {fileID: 0}
    m_Command: {fileID: 0}
    m_Localize: 0
    m_DataVal: 0
  m_Frame:
    m_VariableDataType: 0
    m_Variable: {fileID: 0}
    m_Command: {fileID: 0}
    m_Localize: 0
    m_DataVal: 0
  m_Duration:
    m_VariableDataType: 0
    m_Variable: {fileID: 0}
    m_Command: {fileID: 0}
    m_Localize: 0
    m_DataVal: 0
  m_AtPreviousPosition:
    m_VariableDataType: 0
    m_Variable: {fileID: 0}
    m_Command: {fileID: 0}
    m_Localize: 0
    m_DataVal: 1
  m_Position:
    m_VariableDataType: 0
    m_Variable: {fileID: 0}
    m_Command: {fileID: 0}
    m_Localize: 0
    m_DataVal: {x: 0, y: 0}
--- !u!114 &114177979233577968
MonoBehaviour:
  m_ObjectHideFlags: 0
  m_CorrespondingSourceObject: {fileID: 0}
  m_PrefabInstance: {fileID: 0}
  m_PrefabAsset: {fileID: 0}
  m_GameObject: {fileID: 1246100459260582}
  m_Enabled: 1
  m_EditorHideFlags: 0
  m_Script: {fileID: 11500000, guid: 2423ebd60783d3d4b83dd187d44ce05b, type: 3}
  m_Name: 
  m_EditorClassIdentifier: 
  m_Key: 114177979233577968_4ea9f780b4f5444fd9146fa5ebc02c4d
  m_ItemId: 997
  m_ParentFlowchartItem: {fileID: 114141929011204324}
  m_WaitUntilFinished:
    m_VariableDataType: 0
    m_Variable: {fileID: 0}
    m_Command: {fileID: 0}
    m_Localize: 0
    m_DataVal: 0
  m_IndentLevel: 0
  m_CommandIndex: 3
  m_WorldSprite:
    m_VariableDataType: 0
    m_Variable: {fileID: 0}
    m_Command: {fileID: 0}
    m_Localize: 0
    m_DataVal: {fileID: 11479140, guid: 63f131f616a63164497c245cc6ea0bb3, type: 3}
  m_TurnToward: 0
  m_TargetDirection:
    m_VariableDataType: 0
    m_Variable: {fileID: 0}
    m_Command: {fileID: 0}
    m_Localize: 0
    m_DataVal: 3
  m_TargetPosition:
    m_VariableDataType: 0
    m_Variable: {fileID: 0}
    m_Command: {fileID: 0}
    m_Localize: 0
    m_DataVal: {x: 0, y: 0}
  m_TargetWorldSprite:
    m_VariableDataType: 0
    m_Variable: {fileID: 0}
    m_Command: {fileID: 0}
    m_Localize: 0
    m_DataVal: {fileID: 0}
  m_TargetCollider:
    m_VariableDataType: 0
    m_Variable: {fileID: 0}
    m_Command: {fileID: 0}
    m_Localize: 0
    m_DataVal: {fileID: 0}
--- !u!114 &114709574394243598
MonoBehaviour:
  m_ObjectHideFlags: 0
  m_CorrespondingSourceObject: {fileID: 0}
  m_PrefabInstance: {fileID: 0}
  m_PrefabAsset: {fileID: 0}
  m_GameObject: {fileID: 1246100459260582}
  m_Enabled: 1
  m_EditorHideFlags: 0
  m_Script: {fileID: 11500000, guid: 2814910703c1c874c85ef25fa85af4be, type: 3}
  m_Name: 
  m_EditorClassIdentifier: 
  m_Key: 114709574394243598_4ea9f780b4f5444fd9146fa5ebc02c4d
  m_ItemId: 998
  m_ParentFlowchartItem: {fileID: 114141929011204324}
  m_WaitUntilFinished:
    m_VariableDataType: 0
    m_Variable: {fileID: 0}
    m_Command: {fileID: 0}
    m_Localize: 0
    m_DataVal: 0
  m_IndentLevel: 0
  m_CommandIndex: 4
  m_WorldSprite:
    m_VariableDataType: 0
    m_Variable: {fileID: 0}
    m_Command: {fileID: 0}
    m_Localize: 0
    m_DataVal: {fileID: 11479140, guid: 63f131f616a63164497c245cc6ea0bb3, type: 3}
  m_Animation:
    m_VariableDataType: 0
    m_Variable: {fileID: 0}
    m_Command: {fileID: 0}
    m_Localize: 0
    m_DataVal: {fileID: 11479134, guid: 63f131f616a63164497c245cc6ea0bb3, type: 3}
  m_AnimationIndex:
    m_VariableDataType: 0
    m_Variable: {fileID: 0}
    m_Command: {fileID: 0}
    m_Localize: 0
    m_DataVal: 0
  m_Frame:
    m_VariableDataType: 0
    m_Variable: {fileID: 0}
    m_Command: {fileID: 0}
    m_Localize: 0
    m_DataVal: 1
  m_Duration:
    m_VariableDataType: 0
    m_Variable: {fileID: 0}
    m_Command: {fileID: 0}
    m_Localize: 0
    m_DataVal: 0
  m_AtPreviousPosition:
    m_VariableDataType: 0
    m_Variable: {fileID: 0}
    m_Command: {fileID: 0}
    m_Localize: 0
    m_DataVal: 0
  m_Position:
    m_VariableDataType: 0
    m_Variable: {fileID: 0}
    m_Command: {fileID: 0}
    m_Localize: 0
    m_DataVal: {x: 5, y: 2}
--- !u!114 &114231427951570222
MonoBehaviour:
  m_ObjectHideFlags: 0
  m_CorrespondingSourceObject: {fileID: 0}
  m_PrefabInstance: {fileID: 0}
  m_PrefabAsset: {fileID: 0}
  m_GameObject: {fileID: 1246100459260582}
  m_Enabled: 1
  m_EditorHideFlags: 0
  m_Script: {fileID: 11500000, guid: 2b4b815146dad4e499f7751c284a6b51, type: 3}
  m_Name: 
  m_EditorClassIdentifier: 
  m_Key: 114231427951570222_4ea9f780b4f5444fd9146fa5ebc02c4d
  m_ItemId: 999
  m_ParentFlowchartItem: {fileID: 114516465483508110}
  m_WaitUntilFinished:
    m_VariableDataType: 0
    m_Variable: {fileID: 0}
    m_Command: {fileID: 0}
    m_Localize: 0
    m_DataVal: 0
  m_IndentLevel: 0
  m_CommandIndex: 2
  m_WorldMap:
    m_VariableDataType: 0
    m_Variable: {fileID: 0}
    m_Command: {fileID: 0}
    m_Localize: 0
    m_DataVal: {fileID: 11441882, guid: 57a75acd3075faa4694a0143a064ff78, type: 3}
--- !u!114 &114654869949627432
MonoBehaviour:
  m_ObjectHideFlags: 0
  m_CorrespondingSourceObject: {fileID: 0}
  m_PrefabInstance: {fileID: 0}
  m_PrefabAsset: {fileID: 0}
  m_GameObject: {fileID: 1246100459260582}
  m_Enabled: 1
  m_EditorHideFlags: 0
  m_Script: {fileID: 11500000, guid: 2423ebd60783d3d4b83dd187d44ce05b, type: 3}
  m_Name: 
  m_EditorClassIdentifier: 
  m_Key: 114654869949627432_4ea9f780b4f5444fd9146fa5ebc02c4d
  m_ItemId: 1000
  m_ParentFlowchartItem: {fileID: 114516465483508110}
  m_WaitUntilFinished:
    m_VariableDataType: 0
    m_Variable: {fileID: 0}
    m_Command: {fileID: 0}
    m_Localize: 0
    m_DataVal: 0
  m_IndentLevel: 0
  m_CommandIndex: 3
  m_WorldSprite:
    m_VariableDataType: 0
    m_Variable: {fileID: 0}
    m_Command: {fileID: 0}
    m_Localize: 0
    m_DataVal: {fileID: 11458522, guid: 57a75acd3075faa4694a0143a064ff78, type: 3}
  m_TurnToward: 0
  m_TargetDirection:
    m_VariableDataType: 0
    m_Variable: {fileID: 0}
    m_Command: {fileID: 0}
    m_Localize: 0
    m_DataVal: 0
  m_TargetPosition:
    m_VariableDataType: 0
    m_Variable: {fileID: 0}
    m_Command: {fileID: 0}
    m_Localize: 0
    m_DataVal: {x: 0, y: 0}
  m_TargetWorldSprite:
    m_VariableDataType: 0
    m_Variable: {fileID: 0}
    m_Command: {fileID: 0}
    m_Localize: 0
    m_DataVal: {fileID: 0}
  m_TargetCollider:
    m_VariableDataType: 0
    m_Variable: {fileID: 0}
    m_Command: {fileID: 0}
    m_Localize: 0
    m_DataVal: {fileID: 0}
--- !u!114 &114558612044220020
MonoBehaviour:
  m_ObjectHideFlags: 0
  m_CorrespondingSourceObject: {fileID: 0}
  m_PrefabInstance: {fileID: 0}
  m_PrefabAsset: {fileID: 0}
  m_GameObject: {fileID: 1246100459260582}
  m_Enabled: 1
  m_EditorHideFlags: 0
  m_Script: {fileID: 11500000, guid: 2814910703c1c874c85ef25fa85af4be, type: 3}
  m_Name: 
  m_EditorClassIdentifier: 
  m_Key: 114558612044220020_4ea9f780b4f5444fd9146fa5ebc02c4d
  m_ItemId: 1001
  m_ParentFlowchartItem: {fileID: 114516465483508110}
  m_WaitUntilFinished:
    m_VariableDataType: 0
    m_Variable: {fileID: 0}
    m_Command: {fileID: 0}
    m_Localize: 0
    m_DataVal: 1
  m_IndentLevel: 0
  m_CommandIndex: 4
  m_WorldSprite:
    m_VariableDataType: 0
    m_Variable: {fileID: 0}
    m_Command: {fileID: 0}
    m_Localize: 0
    m_DataVal: {fileID: 11458522, guid: 57a75acd3075faa4694a0143a064ff78, type: 3}
  m_Animation:
    m_VariableDataType: 0
    m_Variable: {fileID: 0}
    m_Command: {fileID: 0}
    m_Localize: 0
    m_DataVal: {fileID: 11444452, guid: 57a75acd3075faa4694a0143a064ff78, type: 3}
  m_AnimationIndex:
    m_VariableDataType: 0
    m_Variable: {fileID: 0}
    m_Command: {fileID: 0}
    m_Localize: 0
    m_DataVal: 0
  m_Frame:
    m_VariableDataType: 0
    m_Variable: {fileID: 0}
    m_Command: {fileID: 0}
    m_Localize: 0
    m_DataVal: 0
  m_Duration:
    m_VariableDataType: 0
    m_Variable: {fileID: 0}
    m_Command: {fileID: 0}
    m_Localize: 0
    m_DataVal: 0
  m_AtPreviousPosition:
    m_VariableDataType: 0
    m_Variable: {fileID: 0}
    m_Command: {fileID: 0}
    m_Localize: 0
    m_DataVal: 1
  m_Position:
    m_VariableDataType: 0
    m_Variable: {fileID: 0}
    m_Command: {fileID: 0}
    m_Localize: 0
    m_DataVal: {x: 0, y: 0}
--- !u!114 &114828809989160196
MonoBehaviour:
  m_ObjectHideFlags: 0
  m_CorrespondingSourceObject: {fileID: 0}
  m_PrefabInstance: {fileID: 0}
  m_PrefabAsset: {fileID: 0}
  m_GameObject: {fileID: 1246100459260582}
  m_Enabled: 1
  m_EditorHideFlags: 0
  m_Script: {fileID: 11500000, guid: e82f380fa87f9e44a865be47e7af9f23, type: 3}
  m_Name: 
  m_EditorClassIdentifier: 
  m_Key: 114828809989160196_4ea9f780b4f5444fd9146fa5ebc02c4d
  m_ItemId: 1002
  m_ParentFlowchartItem: {fileID: 114267670261807800}
  m_WaitUntilFinished:
    m_VariableDataType: 0
    m_Variable: {fileID: 0}
    m_Command: {fileID: 0}
    m_Localize: 0
    m_DataVal: 0
  m_IndentLevel: 0
  m_CommandIndex: 8
  m_TitleText:
    m_VariableDataType: 0
    m_Variable: {fileID: 0}
    m_Command: {fileID: 0}
    m_Localize: 1
    m_DataVal: 
  m_MessageText:
    m_VariableDataType: 1
    m_Variable: {fileID: 114777772156832458, guid: 9c277744cbf2e4ebeb9949b1e5f15e0a,
      type: 3}
    m_Command: {fileID: 0}
    m_Localize: 1
    m_DataVal: 
  m_Icon:
    m_VariableDataType: 0
    m_Variable: {fileID: 0}
    m_Command: {fileID: 0}
    m_Localize: 0
    m_DataVal: {fileID: 0}
  m_OptionMenu:
    m_VariableDataType: 0
    m_Variable: {fileID: 0}
    m_Command: {fileID: 0}
    m_Localize: 0
    m_DataVal: {fileID: 114986231778214312, guid: c6d1ec05159395b41949ec24e41b6563,
      type: 3}
--- !u!114 &114185209647282842
MonoBehaviour:
  m_ObjectHideFlags: 0
  m_CorrespondingSourceObject: {fileID: 0}
  m_PrefabInstance: {fileID: 0}
  m_PrefabAsset: {fileID: 0}
  m_GameObject: {fileID: 1246100459260582}
  m_Enabled: 1
  m_EditorHideFlags: 0
  m_Script: {fileID: 11500000, guid: 4c1f2791579c34242ab5d538a12a8c44, type: 3}
  m_Name: 
  m_EditorClassIdentifier: 
  m_Key: 114185209647282842_4ea9f780b4f5444fd9146fa5ebc02c4d
  m_ItemId: 1003
  m_ParentFlowchartItem: {fileID: 114267670261807800}
  m_WaitUntilFinished:
    m_VariableDataType: 0
    m_Variable: {fileID: 0}
    m_Command: {fileID: 0}
    m_Localize: 0
    m_DataVal: 0
  m_IndentLevel: 0
  m_CommandIndex: 9
  m_OptionMenu:
    m_VariableDataType: 0
    m_Variable: {fileID: 0}
    m_Command: {fileID: 0}
    m_Localize: 0
    m_DataVal: {fileID: 114986231778214312, guid: c6d1ec05159395b41949ec24e41b6563,
      type: 3}
  m_Text:
    m_VariableDataType: 0
    m_Variable: {fileID: 0}
    m_Command: {fileID: 0}
    m_Localize: 1
    m_DataVal: Yes
  m_Icon:
    m_VariableDataType: 0
    m_Variable: {fileID: 0}
    m_Command: {fileID: 0}
    m_Localize: 0
    m_DataVal: {fileID: 0}
  m_TargetBlock:
    m_VariableDataType: 0
    m_Variable: {fileID: 0}
    m_Command: {fileID: 0}
    m_Localize: 0
    m_DataVal: {fileID: 114516465483508110}
  m_CallMode:
    m_VariableDataType: 0
    m_Variable: {fileID: 0}
    m_Command: {fileID: 0}
    m_Localize: 0
    m_DataVal: 0
  m_ReturnVariable: {fileID: 0}
  m_Description: 
--- !u!114 &114713469401774474
MonoBehaviour:
  m_ObjectHideFlags: 0
  m_CorrespondingSourceObject: {fileID: 0}
  m_PrefabInstance: {fileID: 0}
  m_PrefabAsset: {fileID: 0}
  m_GameObject: {fileID: 1246100459260582}
  m_Enabled: 1
  m_EditorHideFlags: 0
  m_Script: {fileID: 11500000, guid: 4c1f2791579c34242ab5d538a12a8c44, type: 3}
  m_Name: 
  m_EditorClassIdentifier: 
  m_Key: 114713469401774474_4ea9f780b4f5444fd9146fa5ebc02c4d
  m_ItemId: 1004
  m_ParentFlowchartItem: {fileID: 114267670261807800}
  m_WaitUntilFinished:
    m_VariableDataType: 0
    m_Variable: {fileID: 0}
    m_Command: {fileID: 0}
    m_Localize: 0
    m_DataVal: 0
  m_IndentLevel: 0
  m_CommandIndex: 10
  m_OptionMenu:
    m_VariableDataType: 0
    m_Variable: {fileID: 0}
    m_Command: {fileID: 0}
    m_Localize: 0
    m_DataVal: {fileID: 114986231778214312, guid: c6d1ec05159395b41949ec24e41b6563,
      type: 3}
  m_Text:
    m_VariableDataType: 0
    m_Variable: {fileID: 0}
    m_Command: {fileID: 0}
    m_Localize: 1
    m_DataVal: No
  m_Icon:
    m_VariableDataType: 0
    m_Variable: {fileID: 0}
    m_Command: {fileID: 0}
    m_Localize: 0
    m_DataVal: {fileID: 0}
  m_TargetBlock:
    m_VariableDataType: 0
    m_Variable: {fileID: 0}
    m_Command: {fileID: 0}
    m_Localize: 0
    m_DataVal: {fileID: 114463327971425822}
  m_CallMode:
    m_VariableDataType: 0
    m_Variable: {fileID: 0}
    m_Command: {fileID: 0}
    m_Localize: 0
    m_DataVal: 0
  m_ReturnVariable: {fileID: 0}
  m_Description: 
