%YAML 1.1
%TAG !u! tag:unity3d.com,2011:
--- !u!1 &1917319153839538
GameObject:
  m_ObjectHideFlags: 0
  m_CorrespondingSourceObject: {fileID: 0}
  m_PrefabInstance: {fileID: 0}
  m_PrefabAsset: {fileID: 0}
  serializedVersion: 6
  m_Component:
  - component: {fileID: 4607747854641106}
  - component: {fileID: 114719833553678064}
  - component: {fileID: 114491453772252880}
  - component: {fileID: 114027198886960638}
  - component: {fileID: 114035605581129870}
  - component: {fileID: 114923916812755778}
  - component: {fileID: 114624181570866164}
  - component: {fileID: 114403117736372552}
  - component: {fileID: 114098490025438136}
  - component: {fileID: 114370609499013142}
  - component: {fileID: 114303198464214370}
  - component: {fileID: 114229076192847222}
  - component: {fileID: 114941519368989848}
  - component: {fileID: 114593739298571002}
  - component: {fileID: 114372607603343586}
  - component: {fileID: 114396036248696706}
  - component: {fileID: 114855925267387002}
  - component: {fileID: 114963674602262836}
  - component: {fileID: 114186222305304308}
  - component: {fileID: 114588425328772136}
  - component: {fileID: 114893436563694890}
  - component: {fileID: 114298960378193342}
  - component: {fileID: 114333566101316332}
  - component: {fileID: 114699064808114004}
  - component: {fileID: 114896117206721358}
  - component: {fileID: 114567159868385526}
  - component: {fileID: 114999193577788264}
  - component: {fileID: 114324558815240446}
  - component: {fileID: 114761958363860226}
  - component: {fileID: 114274798114243644}
  - component: {fileID: 114513713677094498}
  - component: {fileID: 114066402736360900}
  - component: {fileID: 114138791069633266}
  - component: {fileID: 114603261689900496}
  - component: {fileID: 114741665782489176}
  - component: {fileID: 114047376976146994}
  - component: {fileID: 114719895163490838}
  - component: {fileID: 114814202554315114}
  - component: {fileID: 114348681145290510}
  - component: {fileID: 114928298943181364}
  - component: {fileID: 114648344027669820}
  - component: {fileID: 114893903381098878}
  - component: {fileID: 114791765255059508}
  - component: {fileID: 114532737750753768}
  - component: {fileID: 114146128227808150}
  - component: {fileID: 114223322211312486}
  - component: {fileID: 114685610401690226}
  - component: {fileID: 114017776050773606}
  - component: {fileID: 114027398248423848}
  - component: {fileID: 114038186881382506}
  - component: {fileID: 114252819123115094}
  - component: {fileID: 114853597188152794}
  - component: {fileID: 114545960837949496}
  - component: {fileID: 114920740665950888}
  - component: {fileID: 114408613964352418}
  - component: {fileID: 114330255844166864}
  - component: {fileID: 114843253068311484}
  - component: {fileID: 114852450755581176}
  - component: {fileID: 114482498372288612}
  - component: {fileID: 114600194240392496}
  - component: {fileID: 114762753908258384}
  - component: {fileID: 114599036960160724}
  - component: {fileID: 114964394858091862}
  - component: {fileID: 114251854039159308}
  - component: {fileID: 114165060463457042}
  - component: {fileID: 114319368723426634}
  - component: {fileID: 114560179155659880}
  m_Layer: 0
  m_Name: SideCaseCutsceneTemplate
  m_TagString: Untagged
  m_Icon: {fileID: 0}
  m_NavMeshLayer: 0
  m_StaticEditorFlags: 0
  m_IsActive: 1
--- !u!4 &4607747854641106
Transform:
  m_ObjectHideFlags: 0
  m_CorrespondingSourceObject: {fileID: 0}
  m_PrefabInstance: {fileID: 0}
  m_PrefabAsset: {fileID: 0}
  m_GameObject: {fileID: 1917319153839538}
  m_LocalRotation: {x: -0, y: -0, z: -0, w: 1}
  m_LocalPosition: {x: 0, y: 0, z: 0}
  m_LocalScale: {x: 1, y: 1, z: 1}
  m_Children: []
  m_Father: {fileID: 0}
  m_RootOrder: 0
  m_LocalEulerAnglesHint: {x: 0, y: 0, z: 0}
--- !u!114 &114719833553678064
MonoBehaviour:
  m_ObjectHideFlags: 0
  m_CorrespondingSourceObject: {fileID: 0}
  m_PrefabInstance: {fileID: 0}
  m_PrefabAsset: {fileID: 0}
  m_GameObject: {fileID: 1917319153839538}
  m_Enabled: 1
  m_EditorHideFlags: 0
  m_Script: {fileID: 11500000, guid: 7a334fe2ffb574b3583ff3b18b4792d3, type: 3}
  m_Name: 
  m_EditorClassIdentifier: 
  m_Key: 114719833553678064_292acc0d724696f4ba0df5b66b5135d6
  m_Version: 1.0
  m_TemplateFlowchart: {fileID: 0}
  m_Description: 
  m_StepPause: 0
  m_PauseOnEnable: 0
  m_HideComponents: 1
  m_Logging: 0
  m_NodePosition: {x: 630, y: -1400}
  m_Blocks:
  - {fileID: 114963674602262836}
  - {fileID: 114491453772252880}
  - {fileID: 114923916812755778}
  - {fileID: 114403117736372552}
  - {fileID: 114035605581129870}
  - {fileID: 114593739298571002}
  - {fileID: 114098490025438136}
  - {fileID: 114370609499013142}
  - {fileID: 114027198886960638}
  - {fileID: 114941519368989848}
  - {fileID: 114229076192847222}
  - {fileID: 114333566101316332}
  - {fileID: 114567159868385526}
  - {fileID: 114761958363860226}
  - {fileID: 114066402736360900}
  - {fileID: 114348681145290510}
  - {fileID: 114330255844166864}
  m_Variables:
  - {fileID: 114372607603343586}
  - {fileID: 114274798114243644}
  - {fileID: 114513713677094498}
--- !u!114 &114491453772252880
MonoBehaviour:
  m_ObjectHideFlags: 0
  m_CorrespondingSourceObject: {fileID: 0}
  m_PrefabInstance: {fileID: 0}
  m_PrefabAsset: {fileID: 0}
  m_GameObject: {fileID: 1917319153839538}
  m_Enabled: 1
  m_EditorHideFlags: 0
  m_Script: {fileID: 11500000, guid: 3d3d73aef2cfc4f51abf34ac00241f60, type: 3}
  m_Name: 
  m_EditorClassIdentifier: 
  m_Key: 114491453772252880_292acc0d724696f4ba0df5b66b5135d6
  m_ItemId: 160
  m_ParentFlowchartItem: {fileID: 0}
  m_TemplateBlock: {fileID: 0}
  m_NodePosition: {x: 100, y: 260}
  m_BlockName: PUZZLE NOTIFICATION
  m_Scope: 1
  m_Description: Use a "Say" command set to "TextMessageDialogBox" here
  m_Parameters: []
  m_ReturnTypeName: 
  m_EventHandler: {fileID: 114719895163490838}
  m_Commands: []
--- !u!114 &114027198886960638
MonoBehaviour:
  m_ObjectHideFlags: 0
  m_CorrespondingSourceObject: {fileID: 0}
  m_PrefabInstance: {fileID: 0}
  m_PrefabAsset: {fileID: 0}
  m_GameObject: {fileID: 1917319153839538}
  m_Enabled: 1
  m_EditorHideFlags: 0
  m_Script: {fileID: 11500000, guid: 3d3d73aef2cfc4f51abf34ac00241f60, type: 3}
  m_Name: 
  m_EditorClassIdentifier: 
  m_Key: 114027198886960638_292acc0d724696f4ba0df5b66b5135d6
  m_ItemId: 164
  m_ParentFlowchartItem: {fileID: 0}
  m_TemplateBlock: {fileID: 0}
  m_NodePosition: {x: 100, y: 930}
  m_BlockName: PUZZLE INTRO
  m_Scope: 1
  m_Description: 'Side Case dialogue

    Use Say, Portrait, PixelSprite commands etc. for the dialogue.

    If nececcary, create branching dialogues and stat-checks.'
  m_Parameters: []
  m_ReturnTypeName: 
  m_EventHandler: {fileID: 0}
  m_Commands:
  - {fileID: 114186222305304308}
--- !u!114 &114035605581129870
MonoBehaviour:
  m_ObjectHideFlags: 0
  m_CorrespondingSourceObject: {fileID: 0}
  m_PrefabInstance: {fileID: 0}
  m_PrefabAsset: {fileID: 0}
  m_GameObject: {fileID: 1917319153839538}
  m_Enabled: 1
  m_EditorHideFlags: 0
  m_Script: {fileID: 11500000, guid: 3d3d73aef2cfc4f51abf34ac00241f60, type: 3}
  m_Name: 
  m_EditorClassIdentifier: 
  m_Key: 114035605581129870_292acc0d724696f4ba0df5b66b5135d6
  m_ItemId: 163
  m_ParentFlowchartItem: {fileID: 0}
  m_TemplateBlock: {fileID: 0}
  m_NodePosition: {x: -220, y: 600}
  m_BlockName: FIRST ACTIVATION
  m_Scope: 1
  m_Description: 'Dialogue that gets shown the first time this Side Case is triggered.

    Add Say, Portrait, and Pixel Sprite commands.'
  m_Parameters: []
  m_ReturnTypeName: 
  m_EventHandler: {fileID: 0}
  m_Commands:
  - {fileID: 114600194240392496}
  - {fileID: 114599036960160724}
  - {fileID: 114964394858091862}
  - {fileID: 114251854039159308}
--- !u!114 &114923916812755778
MonoBehaviour:
  m_ObjectHideFlags: 0
  m_CorrespondingSourceObject: {fileID: 0}
  m_PrefabInstance: {fileID: 0}
  m_PrefabAsset: {fileID: 0}
  m_GameObject: {fileID: 1917319153839538}
  m_Enabled: 1
  m_EditorHideFlags: 0
  m_Script: {fileID: 11500000, guid: 3d3d73aef2cfc4f51abf34ac00241f60, type: 3}
  m_Name: 
  m_EditorClassIdentifier: 
  m_Key: 114923916812755778_292acc0d724696f4ba0df5b66b5135d6
  m_ItemId: 162
  m_ParentFlowchartItem: {fileID: 0}
  m_TemplateBlock: {fileID: 0}
  m_NodePosition: {x: -30, y: 720}
  m_BlockName: 'FIRST ACTIVATION: YES'
  m_Scope: 1
  m_Description: 'Dialogue that only gets shown if the Side Case is accepted the first
    time it''s triggered.

    May be left empty if dialogue goes straight into PUZZLE INTRO'
  m_Parameters: []
  m_ReturnTypeName: 
  m_EventHandler: {fileID: 0}
  m_Commands:
  - {fileID: 114624181570866164}
--- !u!114 &114624181570866164
MonoBehaviour:
  m_ObjectHideFlags: 0
  m_CorrespondingSourceObject: {fileID: 0}
  m_PrefabInstance: {fileID: 0}
  m_PrefabAsset: {fileID: 0}
  m_GameObject: {fileID: 1917319153839538}
  m_Enabled: 1
  m_EditorHideFlags: 0
  m_Script: {fileID: 11500000, guid: 050fb9e6e72f442b3b883da8a965bdeb, type: 3}
  m_Name: 
  m_EditorClassIdentifier: 
  m_Key: 114624181570866164_292acc0d724696f4ba0df5b66b5135d6
  m_ItemId: 7
  m_ParentFlowchartItem: {fileID: 114923916812755778}
  m_WaitUntilFinished:
    m_VariableDataType: 0
    m_Variable: {fileID: 0}
    m_Command: {fileID: 0}
    m_Localize: 0
    m_DataVal: 0
  m_IndentLevel: 0
  m_CommandIndex: 0
  m_TargetBlock:
    m_VariableDataType: 0
    m_Variable: {fileID: 0}
    m_Command: {fileID: 0}
    m_Localize: 0
    m_DataVal: {fileID: 114567159868385526}
  m_CallMode:
    m_VariableDataType: 0
    m_Variable: {fileID: 0}
    m_Command: {fileID: 0}
    m_Localize: 0
    m_DataVal: 0
  m_Parameters: []
  m_ReturnVariable: {fileID: 0}
  m_Description: 
--- !u!114 &114403117736372552
MonoBehaviour:
  m_ObjectHideFlags: 0
  m_CorrespondingSourceObject: {fileID: 0}
  m_PrefabInstance: {fileID: 0}
  m_PrefabAsset: {fileID: 0}
  m_GameObject: {fileID: 1917319153839538}
  m_Enabled: 1
  m_EditorHideFlags: 0
  m_Script: {fileID: 11500000, guid: 3d3d73aef2cfc4f51abf34ac00241f60, type: 3}
  m_Name: 
  m_EditorClassIdentifier: 
  m_Key: 114403117736372552_292acc0d724696f4ba0df5b66b5135d6
  m_ItemId: 161
  m_ParentFlowchartItem: {fileID: 0}
  m_TemplateBlock: {fileID: 0}
  m_NodePosition: {x: -400, y: 720}
  m_BlockName: 'FIRST ACTIVATION: NO'
  m_Scope: 1
  m_Description: 'Dialogue that gets shown when the Side Case is refused after the
    first time it''s triggered.

    May be left empty if control gets returned to the player immediately.'
  m_Parameters: []
  m_ReturnTypeName: 
  m_EventHandler: {fileID: 0}
  m_Commands:
  - {fileID: 114027398248423848}
  - {fileID: 114017776050773606}
  - {fileID: 114685610401690226}
  - {fileID: 114896117206721358}
--- !u!114 &114098490025438136
MonoBehaviour:
  m_ObjectHideFlags: 0
  m_CorrespondingSourceObject: {fileID: 0}
  m_PrefabInstance: {fileID: 0}
  m_PrefabAsset: {fileID: 0}
  m_GameObject: {fileID: 1917319153839538}
  m_Enabled: 1
  m_EditorHideFlags: 0
  m_Script: {fileID: 11500000, guid: 3d3d73aef2cfc4f51abf34ac00241f60, type: 3}
  m_Name: 
  m_EditorClassIdentifier: 
  m_Key: 114098490025438136_292acc0d724696f4ba0df5b66b5135d6
  m_ItemId: 171
  m_ParentFlowchartItem: {fileID: 0}
  m_TemplateBlock: {fileID: 0}
  m_NodePosition: {x: 230, y: 720}
  m_BlockName: 'RETURN ACTIVATION: YES'
  m_Scope: 1
  m_Description: 'Dialogue that only gets shown when the Side Case is accepted after
    it has been refused at least once.

    May be left empty if dialogue goes straight into PUZZLE INTRO'
  m_Parameters: []
  m_ReturnTypeName: 
  m_EventHandler: {fileID: 0}
  m_Commands:
  - {fileID: 114303198464214370}
--- !u!114 &114370609499013142
MonoBehaviour:
  m_ObjectHideFlags: 0
  m_CorrespondingSourceObject: {fileID: 0}
  m_PrefabInstance: {fileID: 0}
  m_PrefabAsset: {fileID: 0}
  m_GameObject: {fileID: 1917319153839538}
  m_Enabled: 1
  m_EditorHideFlags: 0
  m_Script: {fileID: 11500000, guid: 3d3d73aef2cfc4f51abf34ac00241f60, type: 3}
  m_Name: 
  m_EditorClassIdentifier: 
  m_Key: 114370609499013142_292acc0d724696f4ba0df5b66b5135d6
  m_ItemId: 170
  m_ParentFlowchartItem: {fileID: 0}
  m_TemplateBlock: {fileID: 0}
  m_NodePosition: {x: 630, y: 720}
  m_BlockName: 'RETURN ACTIVATION: NO'
  m_Scope: 1
  m_Description: 'Dialogue that gets shown when the Side Case is refused after it
    has already been refused at least once.

    May be left empty if control gets returned to the player immediately.'
  m_Parameters: []
  m_ReturnTypeName: 
  m_EventHandler: {fileID: 0}
  m_Commands:
  - {fileID: 114038186881382506}
  - {fileID: 114252819123115094}
  - {fileID: 114853597188152794}
  - {fileID: 114893436563694890}
--- !u!114 &114303198464214370
MonoBehaviour:
  m_ObjectHideFlags: 0
  m_CorrespondingSourceObject: {fileID: 0}
  m_PrefabInstance: {fileID: 0}
  m_PrefabAsset: {fileID: 0}
  m_GameObject: {fileID: 1917319153839538}
  m_Enabled: 1
  m_EditorHideFlags: 0
  m_Script: {fileID: 11500000, guid: 050fb9e6e72f442b3b883da8a965bdeb, type: 3}
  m_Name: 
  m_EditorClassIdentifier: 
  m_Key: 114303198464214370_292acc0d724696f4ba0df5b66b5135d6
  m_ItemId: 8
  m_ParentFlowchartItem: {fileID: 114098490025438136}
  m_WaitUntilFinished:
    m_VariableDataType: 0
    m_Variable: {fileID: 0}
    m_Command: {fileID: 0}
    m_Localize: 0
    m_DataVal: 0
  m_IndentLevel: 0
  m_CommandIndex: 0
  m_TargetBlock:
    m_VariableDataType: 0
    m_Variable: {fileID: 0}
    m_Command: {fileID: 0}
    m_Localize: 0
    m_DataVal: {fileID: 114567159868385526}
  m_CallMode:
    m_VariableDataType: 0
    m_Variable: {fileID: 0}
    m_Command: {fileID: 0}
    m_Localize: 0
    m_DataVal: 0
  m_Parameters: []
  m_ReturnVariable: {fileID: 0}
  m_Description: 
--- !u!114 &114229076192847222
MonoBehaviour:
  m_ObjectHideFlags: 0
  m_CorrespondingSourceObject: {fileID: 0}
  m_PrefabInstance: {fileID: 0}
  m_PrefabAsset: {fileID: 0}
  m_GameObject: {fileID: 1917319153839538}
  m_Enabled: 1
  m_EditorHideFlags: 0
  m_Script: {fileID: 11500000, guid: 3d3d73aef2cfc4f51abf34ac00241f60, type: 3}
  m_Name: 
  m_EditorClassIdentifier: 
  m_Key: 114229076192847222_292acc0d724696f4ba0df5b66b5135d6
  m_ItemId: 168
  m_ParentFlowchartItem: {fileID: 0}
  m_TemplateBlock: {fileID: 0}
  m_NodePosition: {x: 230, y: 1320}
  m_BlockName: 'PUZZLE CONCLUSION: QUIT'
  m_Scope: 1
  m_Description: Dialogue that gets displayed when the puzzle could not be solved
    by the player.
  m_Parameters: []
  m_ReturnTypeName: 
  m_EventHandler: {fileID: 114396036248696706}
  m_Commands:
  - {fileID: 114298960378193342}
--- !u!114 &114941519368989848
MonoBehaviour:
  m_ObjectHideFlags: 0
  m_CorrespondingSourceObject: {fileID: 0}
  m_PrefabInstance: {fileID: 0}
  m_PrefabAsset: {fileID: 0}
  m_GameObject: {fileID: 1917319153839538}
  m_Enabled: 1
  m_EditorHideFlags: 0
  m_Script: {fileID: 11500000, guid: 3d3d73aef2cfc4f51abf34ac00241f60, type: 3}
  m_Name: 
  m_EditorClassIdentifier: 
  m_Key: 114941519368989848_292acc0d724696f4ba0df5b66b5135d6
  m_ItemId: 167
  m_ParentFlowchartItem: {fileID: 0}
  m_TemplateBlock: {fileID: 0}
  m_NodePosition: {x: -40, y: 1320}
  m_BlockName: 'PUZZLE CONCLUSION: CORRECT'
  m_Scope: 1
  m_Description: Dialogue that gets displayed when the puzzle was solved successfully.
  m_Parameters: []
  m_ReturnTypeName: 
  m_EventHandler: {fileID: 114855925267387002}
  m_Commands:
  - {fileID: 114588425328772136}
--- !u!114 &114593739298571002
MonoBehaviour:
  m_ObjectHideFlags: 0
  m_CorrespondingSourceObject: {fileID: 0}
  m_PrefabInstance: {fileID: 0}
  m_PrefabAsset: {fileID: 0}
  m_GameObject: {fileID: 1917319153839538}
  m_Enabled: 1
  m_EditorHideFlags: 0
  m_Script: {fileID: 11500000, guid: 3d3d73aef2cfc4f51abf34ac00241f60, type: 3}
  m_Name: 
  m_EditorClassIdentifier: 
  m_Key: 114593739298571002_292acc0d724696f4ba0df5b66b5135d6
  m_ItemId: 216
  m_ParentFlowchartItem: {fileID: 0}
  m_TemplateBlock: {fileID: 0}
  m_NodePosition: {x: 430, y: 600}
  m_BlockName: RETURN ACTIVATION
  m_Scope: 1
  m_Description: Dialogue that gets shown when this Side Case is triggered after it
    has been refused at least once.
  m_Parameters: []
  m_ReturnTypeName: 
  m_EventHandler: {fileID: 0}
  m_Commands:
  - {fileID: 114762753908258384}
  - {fileID: 114165060463457042}
  - {fileID: 114319368723426634}
  - {fileID: 114560179155659880}
--- !u!114 &114372607603343586
MonoBehaviour:
  m_ObjectHideFlags: 0
  m_CorrespondingSourceObject: {fileID: 0}
  m_PrefabInstance: {fileID: 0}
  m_PrefabAsset: {fileID: 0}
  m_GameObject: {fileID: 1917319153839538}
  m_Enabled: 1
  m_EditorHideFlags: 0
  m_Script: {fileID: 11500000, guid: 5d02d9822eec54c98afe95bb497211b3, type: 3}
  m_Name: 
  m_EditorClassIdentifier: 
  m_Key: 114372607603343586_292acc0d724696f4ba0df5b66b5135d6
  m_ItemId: -1
  m_ParentFlowchartItem: {fileID: 114699064808114004}
  m_TemplateVariable: {fileID: 0}
  m_VariableName: PuzzleRefused
  m_Scope: 0
  m_Localize: 0
  m_VariableIndex: 0
  m_Value: 0
--- !u!114 &114396036248696706
MonoBehaviour:
  m_ObjectHideFlags: 0
  m_CorrespondingSourceObject: {fileID: 0}
  m_PrefabInstance: {fileID: 0}
  m_PrefabAsset: {fileID: 0}
  m_GameObject: {fileID: 1917319153839538}
  m_Enabled: 1
  m_EditorHideFlags: 0
  m_Script: {fileID: 11500000, guid: 2d7d417659cd54a6787f70f763950c34, type: 3}
  m_Name: 
  m_EditorClassIdentifier: 
  m_Key: 114396036248696706_292acc0d724696f4ba0df5b66b5135d6
  m_ItemId: -1
  m_ParentFlowchartItem: {fileID: 114229076192847222}
  m_Message:
    m_VariableDataType: 1
    m_Variable: {fileID: 114000014146623300, guid: 6695f451c17655c45aa64b6cae0264d7,
      type: 3}
    m_Command: {fileID: 0}
    m_Localize: 1
    m_DataVal: 
--- !u!114 &114855925267387002
MonoBehaviour:
  m_ObjectHideFlags: 0
  m_CorrespondingSourceObject: {fileID: 0}
  m_PrefabInstance: {fileID: 0}
  m_PrefabAsset: {fileID: 0}
  m_GameObject: {fileID: 1917319153839538}
  m_Enabled: 1
  m_EditorHideFlags: 0
  m_Script: {fileID: 11500000, guid: 2d7d417659cd54a6787f70f763950c34, type: 3}
  m_Name: 
  m_EditorClassIdentifier: 
  m_Key: 114855925267387002_292acc0d724696f4ba0df5b66b5135d6
  m_ItemId: -1
  m_ParentFlowchartItem: {fileID: 114941519368989848}
  m_Message:
    m_VariableDataType: 1
    m_Variable: {fileID: 114000012018418542, guid: 6695f451c17655c45aa64b6cae0264d7,
      type: 3}
    m_Command: {fileID: 0}
    m_Localize: 1
    m_DataVal: 
--- !u!114 &114963674602262836
MonoBehaviour:
  m_ObjectHideFlags: 0
  m_CorrespondingSourceObject: {fileID: 0}
  m_PrefabInstance: {fileID: 0}
  m_PrefabAsset: {fileID: 0}
  m_GameObject: {fileID: 1917319153839538}
  m_Enabled: 1
  m_EditorHideFlags: 0
  m_Script: {fileID: 11500000, guid: 3d3d73aef2cfc4f51abf34ac00241f60, type: 3}
  m_Name: 
  m_EditorClassIdentifier: 
  m_Key: 114963674602262836_292acc0d724696f4ba0df5b66b5135d6
  m_ItemId: 628
  m_ParentFlowchartItem: {fileID: 0}
  m_TemplateBlock: {fileID: 0}
  m_NodePosition: {x: 100, y: 140}
  m_BlockName: LOCATION AND SPRITES
  m_Scope: 1
  m_Description: Use "Pixel Map" (show) and "Pixel Sprite" (show) commands to set
    the location and characters for the scene
  m_Parameters: []
  m_ReturnTypeName: 
  m_EventHandler: {fileID: 114814202554315114}
  m_Commands: []
--- !u!114 &114186222305304308
MonoBehaviour:
  m_ObjectHideFlags: 0
  m_CorrespondingSourceObject: {fileID: 0}
  m_PrefabInstance: {fileID: 0}
  m_PrefabAsset: {fileID: 0}
  m_GameObject: {fileID: 1917319153839538}
  m_Enabled: 1
  m_EditorHideFlags: 0
  m_Script: {fileID: 11500000, guid: 050fb9e6e72f442b3b883da8a965bdeb, type: 3}
  m_Name: 
  m_EditorClassIdentifier: 
  m_Key: 114186222305304308_292acc0d724696f4ba0df5b66b5135d6
  m_ItemId: 955
  m_ParentFlowchartItem: {fileID: 114027198886960638}
  m_WaitUntilFinished:
    m_VariableDataType: 0
    m_Variable: {fileID: 0}
    m_Command: {fileID: 0}
    m_Localize: 0
    m_DataVal: 0
  m_IndentLevel: 0
  m_CommandIndex: 0
  m_TargetBlock:
    m_VariableDataType: 0
    m_Variable: {fileID: 0}
    m_Command: {fileID: 0}
    m_Localize: 0
    m_DataVal: {fileID: 114000012020850538, guid: f487375d32d134a2a9270b6269cadefd,
      type: 3}
  m_CallMode:
    m_VariableDataType: 0
    m_Variable: {fileID: 0}
    m_Command: {fileID: 0}
    m_Localize: 0
    m_DataVal: 0
  m_Parameters: []
  m_ReturnVariable: {fileID: 0}
  m_Description: 
--- !u!114 &114588425328772136
MonoBehaviour:
  m_ObjectHideFlags: 0
  m_CorrespondingSourceObject: {fileID: 0}
  m_PrefabInstance: {fileID: 0}
  m_PrefabAsset: {fileID: 0}
  m_GameObject: {fileID: 1917319153839538}
  m_Enabled: 1
  m_EditorHideFlags: 0
  m_Script: {fileID: 11500000, guid: 050fb9e6e72f442b3b883da8a965bdeb, type: 3}
  m_Name: 
  m_EditorClassIdentifier: 
  m_Key: 114588425328772136_292acc0d724696f4ba0df5b66b5135d6
  m_ItemId: 967
  m_ParentFlowchartItem: {fileID: 114941519368989848}
  m_WaitUntilFinished:
    m_VariableDataType: 0
    m_Variable: {fileID: 0}
    m_Command: {fileID: 0}
    m_Localize: 0
    m_DataVal: 0
  m_IndentLevel: 0
  m_CommandIndex: 0
  m_TargetBlock:
    m_VariableDataType: 0
    m_Variable: {fileID: 0}
    m_Command: {fileID: 0}
    m_Localize: 0
    m_DataVal: {fileID: 114000013453403608, guid: f487375d32d134a2a9270b6269cadefd,
      type: 3}
  m_CallMode:
    m_VariableDataType: 0
    m_Variable: {fileID: 0}
    m_Command: {fileID: 0}
    m_Localize: 0
    m_DataVal: 0
  m_Parameters: []
  m_ReturnVariable: {fileID: 0}
  m_Description: 
--- !u!114 &114893436563694890
MonoBehaviour:
  m_ObjectHideFlags: 0
  m_CorrespondingSourceObject: {fileID: 0}
  m_PrefabInstance: {fileID: 0}
  m_PrefabAsset: {fileID: 0}
  m_GameObject: {fileID: 1917319153839538}
  m_Enabled: 1
  m_EditorHideFlags: 0
  m_Script: {fileID: 11500000, guid: 050fb9e6e72f442b3b883da8a965bdeb, type: 3}
  m_Name: 
  m_EditorClassIdentifier: 
  m_Key: 114893436563694890_292acc0d724696f4ba0df5b66b5135d6
  m_ItemId: 976
  m_ParentFlowchartItem: {fileID: 114370609499013142}
  m_WaitUntilFinished:
    m_VariableDataType: 0
    m_Variable: {fileID: 0}
    m_Command: {fileID: 0}
    m_Localize: 0
    m_DataVal: 0
  m_IndentLevel: 0
  m_CommandIndex: 3
  m_TargetBlock:
    m_VariableDataType: 0
    m_Variable: {fileID: 0}
    m_Command: {fileID: 0}
    m_Localize: 0
    m_DataVal: {fileID: 114333566101316332}
  m_CallMode:
    m_VariableDataType: 0
    m_Variable: {fileID: 0}
    m_Command: {fileID: 0}
    m_Localize: 0
    m_DataVal: 0
  m_Parameters: []
  m_ReturnVariable: {fileID: 0}
  m_Description: 
--- !u!114 &114298960378193342
MonoBehaviour:
  m_ObjectHideFlags: 0
  m_CorrespondingSourceObject: {fileID: 0}
  m_PrefabInstance: {fileID: 0}
  m_PrefabAsset: {fileID: 0}
  m_GameObject: {fileID: 1917319153839538}
  m_Enabled: 1
  m_EditorHideFlags: 0
  m_Script: {fileID: 11500000, guid: 050fb9e6e72f442b3b883da8a965bdeb, type: 3}
  m_Name: 
  m_EditorClassIdentifier: 
  m_Key: 114298960378193342_292acc0d724696f4ba0df5b66b5135d6
  m_ItemId: 978
  m_ParentFlowchartItem: {fileID: 114229076192847222}
  m_WaitUntilFinished:
    m_VariableDataType: 0
    m_Variable: {fileID: 0}
    m_Command: {fileID: 0}
    m_Localize: 0
    m_DataVal: 0
  m_IndentLevel: 0
  m_CommandIndex: 0
  m_TargetBlock:
    m_VariableDataType: 0
    m_Variable: {fileID: 0}
    m_Command: {fileID: 0}
    m_Localize: 0
    m_DataVal: {fileID: 114000011525884822, guid: f487375d32d134a2a9270b6269cadefd,
      type: 3}
  m_CallMode:
    m_VariableDataType: 0
    m_Variable: {fileID: 0}
    m_Command: {fileID: 0}
    m_Localize: 0
    m_DataVal: 0
  m_Parameters: []
  m_ReturnVariable: {fileID: 0}
  m_Description: 
--- !u!114 &114333566101316332
MonoBehaviour:
  m_ObjectHideFlags: 0
  m_CorrespondingSourceObject: {fileID: 0}
  m_PrefabInstance: {fileID: 0}
  m_PrefabAsset: {fileID: 0}
  m_GameObject: {fileID: 1917319153839538}
  m_Enabled: 1
  m_EditorHideFlags: 0
  m_Script: {fileID: 11500000, guid: 3d3d73aef2cfc4f51abf34ac00241f60, type: 3}
  m_Name: 
  m_EditorClassIdentifier: 
  m_Key: 114333566101316332_292acc0d724696f4ba0df5b66b5135d6
  m_ItemId: 1014
  m_ParentFlowchartItem: {fileID: 0}
  m_TemplateBlock: {fileID: 0}
  m_NodePosition: {x: 100, y: 1100}
  m_BlockName: CASE REJECTED
  m_Scope: 1
  m_Description: Set the position of the characters when the case is rejected
  m_Parameters: []
  m_ReturnTypeName: 
  m_EventHandler: {fileID: 0}
  m_Commands:
  - {fileID: 114482498372288612}
  - {fileID: 114545960837949496}
  - {fileID: 114699064808114004}
  - {fileID: 114408613964352418}
--- !u!114 &114699064808114004
MonoBehaviour:
  m_ObjectHideFlags: 0
  m_CorrespondingSourceObject: {fileID: 0}
  m_PrefabInstance: {fileID: 0}
  m_PrefabAsset: {fileID: 0}
  m_GameObject: {fileID: 1917319153839538}
  m_Enabled: 1
  m_EditorHideFlags: 0
  m_Script: {fileID: 11500000, guid: fb77d0ce495044f6e9feb91b31798e8c, type: 3}
  m_Name: 
  m_EditorClassIdentifier: 
  m_Key: 114699064808114004_292acc0d724696f4ba0df5b66b5135d6
  m_ItemId: 1016
  m_ParentFlowchartItem: {fileID: 114333566101316332}
  m_WaitUntilFinished:
    m_VariableDataType: 0
    m_Variable: {fileID: 0}
    m_Command: {fileID: 0}
    m_Localize: 0
    m_DataVal: 0
  m_IndentLevel: 0
  m_CommandIndex: 2
  m_Variable: {fileID: 114372607603343586}
  m_Operation: 0
  m_Value:
    m_VariableDataType: 0
    m_Variable: {fileID: 0}
    m_Command: {fileID: 0}
    m_Localize: 0
    m_DataVal:
      m_ValueTypeName: System.Boolean, mscorlib
      m_UseDynamicValueType: 0
      m_SerializedValue: true
      m_ObjectReferenceValue: {fileID: 0}
      m_ObjectReferenceListValue: []
--- !u!114 &114896117206721358
MonoBehaviour:
  m_ObjectHideFlags: 0
  m_CorrespondingSourceObject: {fileID: 0}
  m_PrefabInstance: {fileID: 0}
  m_PrefabAsset: {fileID: 0}
  m_GameObject: {fileID: 1917319153839538}
  m_Enabled: 1
  m_EditorHideFlags: 0
  m_Script: {fileID: 11500000, guid: 050fb9e6e72f442b3b883da8a965bdeb, type: 3}
  m_Name: 
  m_EditorClassIdentifier: 
  m_Key: 114896117206721358_292acc0d724696f4ba0df5b66b5135d6
  m_ItemId: 1017
  m_ParentFlowchartItem: {fileID: 114403117736372552}
  m_WaitUntilFinished:
    m_VariableDataType: 0
    m_Variable: {fileID: 0}
    m_Command: {fileID: 0}
    m_Localize: 0
    m_DataVal: 0
  m_IndentLevel: 0
  m_CommandIndex: 3
  m_TargetBlock:
    m_VariableDataType: 0
    m_Variable: {fileID: 0}
    m_Command: {fileID: 0}
    m_Localize: 0
    m_DataVal: {fileID: 114333566101316332}
  m_CallMode:
    m_VariableDataType: 0
    m_Variable: {fileID: 0}
    m_Command: {fileID: 0}
    m_Localize: 0
    m_DataVal: 0
  m_Parameters: []
  m_ReturnVariable: {fileID: 0}
  m_Description: 
--- !u!114 &114567159868385526
MonoBehaviour:
  m_ObjectHideFlags: 0
  m_CorrespondingSourceObject: {fileID: 0}
  m_PrefabInstance: {fileID: 0}
  m_PrefabAsset: {fileID: 0}
  m_GameObject: {fileID: 1917319153839538}
  m_Enabled: 1
  m_EditorHideFlags: 0
  m_Script: {fileID: 11500000, guid: 3d3d73aef2cfc4f51abf34ac00241f60, type: 3}
  m_Name: 
  m_EditorClassIdentifier: 
  m_Key: 114567159868385526_292acc0d724696f4ba0df5b66b5135d6
  m_ItemId: 1018
  m_ParentFlowchartItem: {fileID: 0}
  m_TemplateBlock: {fileID: 0}
  m_NodePosition: {x: 100, y: 840}
  m_BlockName: CASE ACCEPTED
  m_Scope: 0
  m_Description: 
  m_Parameters: []
  m_ReturnTypeName: 
  m_EventHandler: {fileID: 0}
  m_Commands:
  - {fileID: 114999193577788264}
  - {fileID: 114324558815240446}
--- !u!114 &114999193577788264
MonoBehaviour:
  m_ObjectHideFlags: 0
  m_CorrespondingSourceObject: {fileID: 0}
  m_PrefabInstance: {fileID: 0}
  m_PrefabAsset: {fileID: 0}
  m_GameObject: {fileID: 1917319153839538}
  m_Enabled: 1
  m_EditorHideFlags: 0
  m_Script: {fileID: 11500000, guid: 050fb9e6e72f442b3b883da8a965bdeb, type: 3}
  m_Name: 
  m_EditorClassIdentifier: 
  m_Key: 114999193577788264_292acc0d724696f4ba0df5b66b5135d6
  m_ItemId: 1019
  m_ParentFlowchartItem: {fileID: 114567159868385526}
  m_WaitUntilFinished:
    m_VariableDataType: 0
    m_Variable: {fileID: 0}
    m_Command: {fileID: 0}
    m_Localize: 0
    m_DataVal: 0
  m_IndentLevel: 0
  m_CommandIndex: 0
  m_TargetBlock:
    m_VariableDataType: 0
    m_Variable: {fileID: 0}
    m_Command: {fileID: 0}
    m_Localize: 0
    m_DataVal: {fileID: 114000013297944892, guid: f487375d32d134a2a9270b6269cadefd,
      type: 3}
  m_CallMode:
    m_VariableDataType: 0
    m_Variable: {fileID: 0}
    m_Command: {fileID: 0}
    m_Localize: 0
    m_DataVal: 1
  m_Parameters: []
  m_ReturnVariable: {fileID: 0}
  m_Description: 
--- !u!114 &114324558815240446
MonoBehaviour:
  m_ObjectHideFlags: 0
  m_CorrespondingSourceObject: {fileID: 0}
  m_PrefabInstance: {fileID: 0}
  m_PrefabAsset: {fileID: 0}
  m_GameObject: {fileID: 1917319153839538}
  m_Enabled: 1
  m_EditorHideFlags: 0
  m_Script: {fileID: 11500000, guid: 050fb9e6e72f442b3b883da8a965bdeb, type: 3}
  m_Name: 
  m_EditorClassIdentifier: 
  m_Key: 114324558815240446_292acc0d724696f4ba0df5b66b5135d6
  m_ItemId: 1020
  m_ParentFlowchartItem: {fileID: 114567159868385526}
  m_WaitUntilFinished:
    m_VariableDataType: 0
    m_Variable: {fileID: 0}
    m_Command: {fileID: 0}
    m_Localize: 0
    m_DataVal: 0
  m_IndentLevel: 0
  m_CommandIndex: 1
  m_TargetBlock:
    m_VariableDataType: 0
    m_Variable: {fileID: 0}
    m_Command: {fileID: 0}
    m_Localize: 0
    m_DataVal: {fileID: 114027198886960638}
  m_CallMode:
    m_VariableDataType: 0
    m_Variable: {fileID: 0}
    m_Command: {fileID: 0}
    m_Localize: 0
    m_DataVal: 0
  m_Parameters: []
  m_ReturnVariable: {fileID: 0}
  m_Description: 
--- !u!114 &114761958363860226
MonoBehaviour:
  m_ObjectHideFlags: 0
  m_CorrespondingSourceObject: {fileID: 0}
  m_PrefabInstance: {fileID: 0}
  m_PrefabAsset: {fileID: 0}
  m_GameObject: {fileID: 1917319153839538}
  m_Enabled: 1
  m_EditorHideFlags: 0
  m_Script: {fileID: 11500000, guid: 3d3d73aef2cfc4f51abf34ac00241f60, type: 3}
  m_Name: 
  m_EditorClassIdentifier: 
  m_Key: 114761958363860226_292acc0d724696f4ba0df5b66b5135d6
  m_ItemId: 1029
  m_ParentFlowchartItem: {fileID: 0}
  m_TemplateBlock: {fileID: 0}
  m_NodePosition: {x: 100, y: 490}
  m_BlockName: START CUTSCENE
  m_Scope: 1
  m_Description: 
  m_Parameters: []
  m_ReturnTypeName: 
  m_EventHandler: {fileID: 0}
  m_Commands:
  - {fileID: 114741665782489176}
  - {fileID: 114920740665950888}
  - {fileID: 114852450755581176}
  - {fileID: 114532737750753768}
  - {fileID: 114047376976146994}
--- !u!114 &114274798114243644
MonoBehaviour:
  m_ObjectHideFlags: 0
  m_CorrespondingSourceObject: {fileID: 0}
  m_PrefabInstance: {fileID: 0}
  m_PrefabAsset: {fileID: 0}
  m_GameObject: {fileID: 1917319153839538}
  m_Enabled: 1
  m_EditorHideFlags: 0
  m_Script: {fileID: 11500000, guid: 4580f28dd8581476b810b38eea2f1316, type: 3}
  m_Name: 
  m_EditorClassIdentifier: 
  m_Key: 114274798114243644_292acc0d724696f4ba0df5b66b5135d6
  m_ItemId: -1
  m_ParentFlowchartItem: {fileID: 114599036960160724}
  m_TemplateVariable: {fileID: 0}
  m_VariableName: FirstActivationQuestion
  m_Scope: 1
  m_Localize: 1
  m_VariableIndex: 1
  m_Value: 
--- !u!114 &114513713677094498
MonoBehaviour:
  m_ObjectHideFlags: 0
  m_CorrespondingSourceObject: {fileID: 0}
  m_PrefabInstance: {fileID: 0}
  m_PrefabAsset: {fileID: 0}
  m_GameObject: {fileID: 1917319153839538}
  m_Enabled: 1
  m_EditorHideFlags: 0
  m_Script: {fileID: 11500000, guid: 4580f28dd8581476b810b38eea2f1316, type: 3}
  m_Name: 
  m_EditorClassIdentifier: 
  m_Key: 114513713677094498_292acc0d724696f4ba0df5b66b5135d6
  m_ItemId: -1
  m_ParentFlowchartItem: {fileID: 114165060463457042}
  m_TemplateVariable: {fileID: 0}
  m_VariableName: ReturnActivationQuestion
  m_Scope: 1
  m_Localize: 1
  m_VariableIndex: 2
  m_Value: 
--- !u!114 &114066402736360900
MonoBehaviour:
  m_ObjectHideFlags: 0
  m_CorrespondingSourceObject: {fileID: 0}
  m_PrefabInstance: {fileID: 0}
  m_PrefabAsset: {fileID: 0}
  m_GameObject: {fileID: 1917319153839538}
  m_Enabled: 1
  m_EditorHideFlags: 0
  m_Script: {fileID: 11500000, guid: 3d3d73aef2cfc4f51abf34ac00241f60, type: 3}
  m_Name: 
  m_EditorClassIdentifier: 
  m_Key: 114066402736360900_292acc0d724696f4ba0df5b66b5135d6
  m_ItemId: 1031
  m_ParentFlowchartItem: {fileID: 0}
  m_TemplateBlock: {fileID: 0}
  m_NodePosition: {x: 100, y: 60}
  m_BlockName: SETUP
  m_Scope: 0
  m_Description: 
  m_Parameters: []
  m_ReturnTypeName: 
  m_EventHandler: {fileID: 114138791069633266}
  m_Commands:
  - {fileID: 114603261689900496}
--- !u!114 &114138791069633266
MonoBehaviour:
  m_ObjectHideFlags: 0
  m_CorrespondingSourceObject: {fileID: 0}
  m_PrefabInstance: {fileID: 0}
  m_PrefabAsset: {fileID: 0}
  m_GameObject: {fileID: 1917319153839538}
  m_Enabled: 1
  m_EditorHideFlags: 0
  m_Script: {fileID: 11500000, guid: d2f6487d21a03404cb21b245f0242e79, type: 3}
  m_Name: 
  m_EditorClassIdentifier: 
  m_Key: 114138791069633266_292acc0d724696f4ba0df5b66b5135d6
  m_ItemId: -1
  m_ParentFlowchartItem: {fileID: 114066402736360900}
--- !u!114 &114603261689900496
MonoBehaviour:
  m_ObjectHideFlags: 0
  m_CorrespondingSourceObject: {fileID: 0}
  m_PrefabInstance: {fileID: 0}
  m_PrefabAsset: {fileID: 0}
  m_GameObject: {fileID: 1917319153839538}
  m_Enabled: 1
  m_EditorHideFlags: 0
  m_Script: {fileID: 11500000, guid: 050fb9e6e72f442b3b883da8a965bdeb, type: 3}
  m_Name: 
  m_EditorClassIdentifier: 
  m_Key: 114603261689900496_292acc0d724696f4ba0df5b66b5135d6
  m_ItemId: 1032
  m_ParentFlowchartItem: {fileID: 114066402736360900}
  m_WaitUntilFinished:
    m_VariableDataType: 0
    m_Variable: {fileID: 0}
    m_Command: {fileID: 0}
    m_Localize: 0
    m_DataVal: 0
  m_IndentLevel: 0
  m_CommandIndex: 0
  m_TargetBlock:
    m_VariableDataType: 0
    m_Variable: {fileID: 0}
    m_Command: {fileID: 0}
    m_Localize: 0
    m_DataVal: {fileID: 114000012026852482, guid: f487375d32d134a2a9270b6269cadefd,
      type: 3}
  m_CallMode:
    m_VariableDataType: 0
    m_Variable: {fileID: 0}
    m_Command: {fileID: 0}
    m_Localize: 0
    m_DataVal: 0
  m_Parameters: []
  m_ReturnVariable: {fileID: 0}
  m_Description: 
--- !u!114 &114741665782489176
MonoBehaviour:
  m_ObjectHideFlags: 0
  m_CorrespondingSourceObject: {fileID: 0}
  m_PrefabInstance: {fileID: 0}
  m_PrefabAsset: {fileID: 0}
  m_GameObject: {fileID: 1917319153839538}
  m_Enabled: 1
  m_EditorHideFlags: 0
  m_Script: {fileID: 11500000, guid: 050fb9e6e72f442b3b883da8a965bdeb, type: 3}
  m_Name: 
  m_EditorClassIdentifier: 
  m_Key: 114741665782489176_292acc0d724696f4ba0df5b66b5135d6
  m_ItemId: 1033
  m_ParentFlowchartItem: {fileID: 114761958363860226}
  m_WaitUntilFinished:
    m_VariableDataType: 0
    m_Variable: {fileID: 0}
    m_Command: {fileID: 0}
    m_Localize: 0
    m_DataVal: 0
  m_IndentLevel: 0
  m_CommandIndex: 0
  m_TargetBlock:
    m_VariableDataType: 0
    m_Variable: {fileID: 0}
    m_Command: {fileID: 0}
    m_Localize: 0
    m_DataVal: {fileID: 11441510, guid: 20aecb0f38dde6c4b84c9b1500596aa2, type: 3}
  m_CallMode:
    m_VariableDataType: 0
    m_Variable: {fileID: 0}
    m_Command: {fileID: 0}
    m_Localize: 0
    m_DataVal: 0
  m_Parameters: []
  m_ReturnVariable: {fileID: 0}
  m_Description: 
--- !u!114 &114047376976146994
MonoBehaviour:
  m_ObjectHideFlags: 0
  m_CorrespondingSourceObject: {fileID: 0}
  m_PrefabInstance: {fileID: 0}
  m_PrefabAsset: {fileID: 0}
  m_GameObject: {fileID: 1917319153839538}
  m_Enabled: 1
  m_EditorHideFlags: 0
  m_Script: {fileID: 11500000, guid: 050fb9e6e72f442b3b883da8a965bdeb, type: 3}
  m_Name: 
  m_EditorClassIdentifier: 
  m_Key: 114047376976146994_292acc0d724696f4ba0df5b66b5135d6
  m_ItemId: 1035
  m_ParentFlowchartItem: {fileID: 114761958363860226}
  m_WaitUntilFinished:
    m_VariableDataType: 0
    m_Variable: {fileID: 0}
    m_Command: {fileID: 0}
    m_Localize: 0
    m_DataVal: 0
  m_IndentLevel: 0
  m_CommandIndex: 4
  m_TargetBlock:
    m_VariableDataType: 0
    m_Variable: {fileID: 0}
    m_Command: {fileID: 0}
    m_Localize: 0
    m_DataVal: {fileID: 114348681145290510}
  m_CallMode:
    m_VariableDataType: 0
    m_Variable: {fileID: 0}
    m_Command: {fileID: 0}
    m_Localize: 0
    m_DataVal: 3
  m_Parameters: []
  m_ReturnVariable: {fileID: 0}
  m_Description: 
--- !u!114 &114719895163490838
MonoBehaviour:
  m_ObjectHideFlags: 0
  m_CorrespondingSourceObject: {fileID: 0}
  m_PrefabInstance: {fileID: 0}
  m_PrefabAsset: {fileID: 0}
  m_GameObject: {fileID: 1917319153839538}
  m_Enabled: 1
  m_EditorHideFlags: 0
  m_Script: {fileID: 11500000, guid: d2f6487d21a03404cb21b245f0242e79, type: 3}
  m_Name: 
  m_EditorClassIdentifier: 
  m_Key: 114719895163490838_292acc0d724696f4ba0df5b66b5135d6
  m_ItemId: 1038
  m_ParentFlowchartItem: {fileID: 114491453772252880}
--- !u!114 &114814202554315114
MonoBehaviour:
  m_ObjectHideFlags: 0
  m_CorrespondingSourceObject: {fileID: 0}
  m_PrefabInstance: {fileID: 0}
  m_PrefabAsset: {fileID: 0}
  m_GameObject: {fileID: 1917319153839538}
  m_Enabled: 1
  m_EditorHideFlags: 0
  m_Script: {fileID: 11500000, guid: d2f6487d21a03404cb21b245f0242e79, type: 3}
  m_Name: 
  m_EditorClassIdentifier: 
  m_Key: 114814202554315114_292acc0d724696f4ba0df5b66b5135d6
  m_ItemId: 1039
  m_ParentFlowchartItem: {fileID: 114963674602262836}
--- !u!114 &114348681145290510
MonoBehaviour:
  m_ObjectHideFlags: 0
  m_CorrespondingSourceObject: {fileID: 0}
  m_PrefabInstance: {fileID: 0}
  m_PrefabAsset: {fileID: 0}
  m_GameObject: {fileID: 1917319153839538}
  m_Enabled: 1
  m_EditorHideFlags: 0
  m_Script: {fileID: 11500000, guid: 3d3d73aef2cfc4f51abf34ac00241f60, type: 3}
  m_Name: 
  m_EditorClassIdentifier: 
  m_Key: 114348681145290510_292acc0d724696f4ba0df5b66b5135d6
  m_ItemId: 1040
  m_ParentFlowchartItem: {fileID: 0}
  m_TemplateBlock: {fileID: 0}
  m_NodePosition: {x: 100, y: 580}
  m_BlockName: REPOSITION SPRITES
  m_Scope: 1
  m_Description: Set the position of the characters once the cutscene starts
  m_Parameters: []
  m_ReturnTypeName: 
  m_EventHandler: {fileID: 0}
  m_Commands:
  - {fileID: 114146128227808150}
  - {fileID: 114223322211312486}
  - {fileID: 114928298943181364}
  - {fileID: 114648344027669820}
  - {fileID: 114893903381098878}
  - {fileID: 114791765255059508}
--- !u!114 &114928298943181364
MonoBehaviour:
  m_ObjectHideFlags: 0
  m_CorrespondingSourceObject: {fileID: 0}
  m_PrefabInstance: {fileID: 0}
  m_PrefabAsset: {fileID: 0}
  m_GameObject: {fileID: 1917319153839538}
  m_Enabled: 1
  m_EditorHideFlags: 0
  m_Script: {fileID: 11500000, guid: 70c5622b8a80845c980954170295f292, type: 3}
  m_Name: 
  m_EditorClassIdentifier: 
  m_Key: 114928298943181364_292acc0d724696f4ba0df5b66b5135d6
  m_ItemId: 1041
  m_ParentFlowchartItem: {fileID: 114348681145290510}
  m_WaitUntilFinished:
    m_VariableDataType: 0
    m_Variable: {fileID: 0}
    m_Command: {fileID: 0}
    m_Localize: 0
    m_DataVal: 0
  m_IndentLevel: 0
  m_CommandIndex: 2
  m_Conditions:
  - m_VariableData:
      m_VariableDataType: 1
      m_Variable: {fileID: 114372607603343586}
      m_Command: {fileID: 0}
      m_Localize: 0
    m_CompareOperator: 0
    m_Value:
      m_VariableDataType: 0
      m_Variable: {fileID: 0}
      m_Command: {fileID: 0}
      m_Localize: 0
      m_DataVal:
        m_ValueTypeName: System.Boolean, mscorlib
        m_UseDynamicValueType: 0
        m_SerializedValue: false
        m_ObjectReferenceValue: {fileID: 0}
        m_ObjectReferenceListValue: []
  m_CheckIf: 0
--- !u!114 &114648344027669820
MonoBehaviour:
  m_ObjectHideFlags: 0
  m_CorrespondingSourceObject: {fileID: 0}
  m_PrefabInstance: {fileID: 0}
  m_PrefabAsset: {fileID: 0}
  m_GameObject: {fileID: 1917319153839538}
  m_Enabled: 1
  m_EditorHideFlags: 0
  m_Script: {fileID: 11500000, guid: 050fb9e6e72f442b3b883da8a965bdeb, type: 3}
  m_Name: 
  m_EditorClassIdentifier: 
  m_Key: 114648344027669820_292acc0d724696f4ba0df5b66b5135d6
  m_ItemId: 1042
  m_ParentFlowchartItem: {fileID: 114348681145290510}
  m_WaitUntilFinished:
    m_VariableDataType: 0
    m_Variable: {fileID: 0}
    m_Command: {fileID: 0}
    m_Localize: 0
    m_DataVal: 0
  m_IndentLevel: 1
  m_CommandIndex: 3
  m_TargetBlock:
    m_VariableDataType: 0
    m_Variable: {fileID: 0}
    m_Command: {fileID: 0}
    m_Localize: 0
    m_DataVal: {fileID: 114035605581129870}
  m_CallMode:
    m_VariableDataType: 0
    m_Variable: {fileID: 0}
    m_Command: {fileID: 0}
    m_Localize: 0
    m_DataVal: 3
  m_Parameters: []
  m_ReturnVariable: {fileID: 0}
  m_Description: 
--- !u!114 &114893903381098878
MonoBehaviour:
  m_ObjectHideFlags: 0
  m_CorrespondingSourceObject: {fileID: 0}
  m_PrefabInstance: {fileID: 0}
  m_PrefabAsset: {fileID: 0}
  m_GameObject: {fileID: 1917319153839538}
  m_Enabled: 1
  m_EditorHideFlags: 0
  m_Script: {fileID: 11500000, guid: 3fa968f01a7f9496bb50e13dfe16760d, type: 3}
  m_Name: 
  m_EditorClassIdentifier: 
  m_Key: 114893903381098878_292acc0d724696f4ba0df5b66b5135d6
  m_ItemId: 1043
  m_ParentFlowchartItem: {fileID: 114348681145290510}
  m_WaitUntilFinished:
    m_VariableDataType: 0
    m_Variable: {fileID: 0}
    m_Command: {fileID: 0}
    m_Localize: 0
    m_DataVal: 0
  m_IndentLevel: 0
  m_CommandIndex: 4
--- !u!114 &114791765255059508
MonoBehaviour:
  m_ObjectHideFlags: 0
  m_CorrespondingSourceObject: {fileID: 0}
  m_PrefabInstance: {fileID: 0}
  m_PrefabAsset: {fileID: 0}
  m_GameObject: {fileID: 1917319153839538}
  m_Enabled: 1
  m_EditorHideFlags: 0
  m_Script: {fileID: 11500000, guid: 050fb9e6e72f442b3b883da8a965bdeb, type: 3}
  m_Name: 
  m_EditorClassIdentifier: 
  m_Key: 114791765255059508_292acc0d724696f4ba0df5b66b5135d6
  m_ItemId: 1044
  m_ParentFlowchartItem: {fileID: 114348681145290510}
  m_WaitUntilFinished:
    m_VariableDataType: 0
    m_Variable: {fileID: 0}
    m_Command: {fileID: 0}
    m_Localize: 0
    m_DataVal: 0
  m_IndentLevel: 1
  m_CommandIndex: 5
  m_TargetBlock:
    m_VariableDataType: 0
    m_Variable: {fileID: 0}
    m_Command: {fileID: 0}
    m_Localize: 0
    m_DataVal: {fileID: 114593739298571002}
  m_CallMode:
    m_VariableDataType: 0
    m_Variable: {fileID: 0}
    m_Command: {fileID: 0}
    m_Localize: 0
    m_DataVal: 3
  m_Parameters: []
  m_ReturnVariable: {fileID: 0}
  m_Description: 
--- !u!114 &114532737750753768
MonoBehaviour:
  m_ObjectHideFlags: 0
  m_CorrespondingSourceObject: {fileID: 0}
  m_PrefabInstance: {fileID: 0}
  m_PrefabAsset: {fileID: 0}
  m_GameObject: {fileID: 1917319153839538}
  m_Enabled: 1
  m_EditorHideFlags: 0
  m_Script: {fileID: 11500000, guid: 207aecf668a0345388087ccf522f9957, type: 3}
  m_Name: 
  m_EditorClassIdentifier: 
  m_Key: 114532737750753768_292acc0d724696f4ba0df5b66b5135d6
  m_ItemId: 1119
  m_ParentFlowchartItem: {fileID: 114761958363860226}
  m_WaitUntilFinished:
    m_VariableDataType: 0
    m_Variable: {fileID: 0}
    m_Command: {fileID: 0}
    m_Localize: 0
    m_DataVal: 1
  m_IndentLevel: 0
  m_CommandIndex: 3
  m_FadeColor:
    m_VariableDataType: 0
    m_Variable: {fileID: 0}
    m_Command: {fileID: 0}
    m_Localize: 0
    m_DataVal: {r: 0, g: 0, b: 0, a: 1}
  m_SortingOrder:
    m_VariableDataType: 0
    m_Variable: {fileID: 0}
    m_Command: {fileID: 0}
    m_Localize: 0
    m_DataVal: 1
  m_Duration:
    m_VariableDataType: 0
    m_Variable: {fileID: 0}
    m_Command: {fileID: 0}
    m_Localize: 0
    m_DataVal: 0.5
--- !u!114 &114146128227808150
MonoBehaviour:
  m_ObjectHideFlags: 0
  m_CorrespondingSourceObject: {fileID: 0}
  m_PrefabInstance: {fileID: 0}
  m_PrefabAsset: {fileID: 0}
  m_GameObject: {fileID: 1917319153839538}
  m_Enabled: 1
  m_EditorHideFlags: 0
  m_Script: {fileID: 11500000, guid: 6d491c11b6ed69c409abbf25b64be2f0, type: 3}
  m_Name: 
  m_EditorClassIdentifier: 
  m_Key: 114146128227808150_292acc0d724696f4ba0df5b66b5135d6
  m_ItemId: 1178
  m_ParentFlowchartItem: {fileID: 114348681145290510}
  m_WaitUntilFinished:
    m_VariableDataType: 0
    m_Variable: {fileID: 0}
    m_Command: {fileID: 0}
    m_Localize: 0
    m_DataVal: 0
  m_IndentLevel: 0
  m_CommandIndex: 0
  m_AudioSource:
    m_VariableDataType: 0
    m_Variable: {fileID: 0}
    m_Command: {fileID: 0}
    m_Localize: 0
    m_DataVal: {fileID: 8229146, guid: c0d53b9b12aa73d4d9715605b0272e5a, type: 3}
  m_FadeDuration:
    m_VariableDataType: 0
    m_Variable: {fileID: 0}
    m_Command: {fileID: 0}
    m_Localize: 0
    m_DataVal: 0.5
  m_Loop:
    m_VariableDataType: 0
    m_Variable: {fileID: 0}
    m_Command: {fileID: 0}
    m_Localize: 0
    m_DataVal: 1
--- !u!114 &114223322211312486
MonoBehaviour:
  m_ObjectHideFlags: 0
  m_CorrespondingSourceObject: {fileID: 0}
  m_PrefabInstance: {fileID: 0}
  m_PrefabAsset: {fileID: 0}
  m_GameObject: {fileID: 1917319153839538}
  m_Enabled: 1
  m_EditorHideFlags: 0
  m_Script: {fileID: 11500000, guid: 207aecf668a0345388087ccf522f9957, type: 3}
  m_Name: 
  m_EditorClassIdentifier: 
  m_Key: 114223322211312486_292acc0d724696f4ba0df5b66b5135d6
  m_ItemId: 1180
  m_ParentFlowchartItem: {fileID: 114348681145290510}
  m_WaitUntilFinished:
    m_VariableDataType: 0
    m_Variable: {fileID: 0}
    m_Command: {fileID: 0}
    m_Localize: 0
    m_DataVal: 1
  m_IndentLevel: 0
  m_CommandIndex: 1
  m_FadeColor:
    m_VariableDataType: 0
    m_Variable: {fileID: 0}
    m_Command: {fileID: 0}
    m_Localize: 0
    m_DataVal: {r: 0, g: 0, b: 0, a: 0}
  m_SortingOrder:
    m_VariableDataType: 0
    m_Variable: {fileID: 0}
    m_Command: {fileID: 0}
    m_Localize: 0
    m_DataVal: 1
  m_Duration:
    m_VariableDataType: 0
    m_Variable: {fileID: 0}
    m_Command: {fileID: 0}
    m_Localize: 0
    m_DataVal: 0.5
--- !u!114 &114685610401690226
MonoBehaviour:
  m_ObjectHideFlags: 0
  m_CorrespondingSourceObject: {fileID: 0}
  m_PrefabInstance: {fileID: 0}
  m_PrefabAsset: {fileID: 0}
  m_GameObject: {fileID: 1917319153839538}
  m_Enabled: 1
  m_EditorHideFlags: 0
  m_Script: {fileID: 11500000, guid: 207aecf668a0345388087ccf522f9957, type: 3}
  m_Name: 
  m_EditorClassIdentifier: 
  m_Key: 114685610401690226_292acc0d724696f4ba0df5b66b5135d6
  m_ItemId: 1182
  m_ParentFlowchartItem: {fileID: 114403117736372552}
  m_WaitUntilFinished:
    m_VariableDataType: 0
    m_Variable: {fileID: 0}
    m_Command: {fileID: 0}
    m_Localize: 0
    m_DataVal: 1
  m_IndentLevel: 0
  m_CommandIndex: 2
  m_FadeColor:
    m_VariableDataType: 0
    m_Variable: {fileID: 0}
    m_Command: {fileID: 0}
    m_Localize: 0
    m_DataVal: {r: 0, g: 0, b: 0, a: 1}
  m_SortingOrder:
    m_VariableDataType: 0
    m_Variable: {fileID: 0}
    m_Command: {fileID: 0}
    m_Localize: 0
    m_DataVal: 1
  m_Duration:
    m_VariableDataType: 0
    m_Variable: {fileID: 0}
    m_Command: {fileID: 0}
    m_Localize: 0
    m_DataVal: 0.5
--- !u!114 &114017776050773606
MonoBehaviour:
  m_ObjectHideFlags: 0
  m_CorrespondingSourceObject: {fileID: 0}
  m_PrefabInstance: {fileID: 0}
  m_PrefabAsset: {fileID: 0}
  m_GameObject: {fileID: 1917319153839538}
  m_Enabled: 1
  m_EditorHideFlags: 0
  m_Script: {fileID: 11500000, guid: b639b31478b97c146aa20595f240e172, type: 3}
  m_Name: 
  m_EditorClassIdentifier: 
  m_Key: 114017776050773606_292acc0d724696f4ba0df5b66b5135d6
  m_ItemId: 1185
  m_ParentFlowchartItem: {fileID: 114403117736372552}
  m_WaitUntilFinished:
    m_VariableDataType: 0
    m_Variable: {fileID: 0}
    m_Command: {fileID: 0}
    m_Localize: 0
    m_DataVal: 0
  m_IndentLevel: 0
  m_CommandIndex: 1
  m_AudioTarget: 2
  m_AudioSource:
    m_VariableDataType: 0
    m_Variable: {fileID: 0}
    m_Command: {fileID: 0}
    m_Localize: 0
    m_DataVal: {fileID: 8229146, guid: c0d53b9b12aa73d4d9715605b0272e5a, type: 3}
  m_AudioMixerGroup:
    m_VariableDataType: 0
    m_Variable: {fileID: 0}
    m_Command: {fileID: 0}
    m_Localize: 0
    m_DataVal: {fileID: 243605891806298748, guid: a6b5cb47bf375204da2ddff36d1bf6ba,
      type: 2}
  m_FadeDuration:
    m_VariableDataType: 0
    m_Variable: {fileID: 0}
    m_Command: {fileID: 0}
    m_Localize: 0
    m_DataVal: 0.5
--- !u!114 &114027398248423848
MonoBehaviour:
  m_ObjectHideFlags: 0
  m_CorrespondingSourceObject: {fileID: 0}
  m_PrefabInstance: {fileID: 0}
  m_PrefabAsset: {fileID: 0}
  m_GameObject: {fileID: 1917319153839538}
  m_Enabled: 1
  m_EditorHideFlags: 0
  m_Script: {fileID: 11500000, guid: 050fb9e6e72f442b3b883da8a965bdeb, type: 3}
  m_Name: 
  m_EditorClassIdentifier: 
  m_Key: 114027398248423848_292acc0d724696f4ba0df5b66b5135d6
  m_ItemId: 1186
  m_ParentFlowchartItem: {fileID: 114403117736372552}
  m_WaitUntilFinished:
    m_VariableDataType: 0
    m_Variable: {fileID: 0}
    m_Command: {fileID: 0}
    m_Localize: 0
    m_DataVal: 0
  m_IndentLevel: 0
  m_CommandIndex: 0
  m_TargetBlock:
    m_VariableDataType: 0
    m_Variable: {fileID: 0}
    m_Command: {fileID: 0}
    m_Localize: 0
    m_DataVal: {fileID: 11431088, guid: 20aecb0f38dde6c4b84c9b1500596aa2, type: 3}
  m_CallMode:
    m_VariableDataType: 0
    m_Variable: {fileID: 0}
    m_Command: {fileID: 0}
    m_Localize: 0
    m_DataVal: 0
  m_Parameters: []
  m_ReturnVariable: {fileID: 0}
  m_Description: 
--- !u!114 &114038186881382506
MonoBehaviour:
  m_ObjectHideFlags: 0
  m_CorrespondingSourceObject: {fileID: 0}
  m_PrefabInstance: {fileID: 0}
  m_PrefabAsset: {fileID: 0}
  m_GameObject: {fileID: 1917319153839538}
  m_Enabled: 1
  m_EditorHideFlags: 0
  m_Script: {fileID: 11500000, guid: 050fb9e6e72f442b3b883da8a965bdeb, type: 3}
  m_Name: 
  m_EditorClassIdentifier: 
  m_Key: 114038186881382506_292acc0d724696f4ba0df5b66b5135d6
  m_ItemId: 1187
  m_ParentFlowchartItem: {fileID: 114370609499013142}
  m_WaitUntilFinished:
    m_VariableDataType: 0
    m_Variable: {fileID: 0}
    m_Command: {fileID: 0}
    m_Localize: 0
    m_DataVal: 0
  m_IndentLevel: 0
  m_CommandIndex: 0
  m_TargetBlock:
    m_VariableDataType: 0
    m_Variable: {fileID: 0}
    m_Command: {fileID: 0}
    m_Localize: 0
    m_DataVal: {fileID: 11431088, guid: 20aecb0f38dde6c4b84c9b1500596aa2, type: 3}
  m_CallMode:
    m_VariableDataType: 0
    m_Variable: {fileID: 0}
    m_Command: {fileID: 0}
    m_Localize: 0
    m_DataVal: 0
  m_Parameters: []
  m_ReturnVariable: {fileID: 0}
  m_Description: 
--- !u!114 &114252819123115094
MonoBehaviour:
  m_ObjectHideFlags: 0
  m_CorrespondingSourceObject: {fileID: 0}
  m_PrefabInstance: {fileID: 0}
  m_PrefabAsset: {fileID: 0}
  m_GameObject: {fileID: 1917319153839538}
  m_Enabled: 1
  m_EditorHideFlags: 0
  m_Script: {fileID: 11500000, guid: b639b31478b97c146aa20595f240e172, type: 3}
  m_Name: 
  m_EditorClassIdentifier: 
  m_Key: 114252819123115094_292acc0d724696f4ba0df5b66b5135d6
  m_ItemId: 1188
  m_ParentFlowchartItem: {fileID: 114370609499013142}
  m_WaitUntilFinished:
    m_VariableDataType: 0
    m_Variable: {fileID: 0}
    m_Command: {fileID: 0}
    m_Localize: 0
    m_DataVal: 0
  m_IndentLevel: 0
  m_CommandIndex: 1
  m_AudioTarget: 2
  m_AudioSource:
    m_VariableDataType: 0
    m_Variable: {fileID: 0}
    m_Command: {fileID: 0}
    m_Localize: 0
    m_DataVal: {fileID: 8229146, guid: c0d53b9b12aa73d4d9715605b0272e5a, type: 3}
  m_AudioMixerGroup:
    m_VariableDataType: 0
    m_Variable: {fileID: 0}
    m_Command: {fileID: 0}
    m_Localize: 0
    m_DataVal: {fileID: 243605891806298748, guid: a6b5cb47bf375204da2ddff36d1bf6ba,
      type: 2}
  m_FadeDuration:
    m_VariableDataType: 0
    m_Variable: {fileID: 0}
    m_Command: {fileID: 0}
    m_Localize: 0
    m_DataVal: 0.5
--- !u!114 &114853597188152794
MonoBehaviour:
  m_ObjectHideFlags: 0
  m_CorrespondingSourceObject: {fileID: 0}
  m_PrefabInstance: {fileID: 0}
  m_PrefabAsset: {fileID: 0}
  m_GameObject: {fileID: 1917319153839538}
  m_Enabled: 1
  m_EditorHideFlags: 0
  m_Script: {fileID: 11500000, guid: 207aecf668a0345388087ccf522f9957, type: 3}
  m_Name: 
  m_EditorClassIdentifier: 
  m_Key: 114853597188152794_292acc0d724696f4ba0df5b66b5135d6
  m_ItemId: 1189
  m_ParentFlowchartItem: {fileID: 114370609499013142}
  m_WaitUntilFinished:
    m_VariableDataType: 0
    m_Variable: {fileID: 0}
    m_Command: {fileID: 0}
    m_Localize: 0
    m_DataVal: 1
  m_IndentLevel: 0
  m_CommandIndex: 2
  m_FadeColor:
    m_VariableDataType: 0
    m_Variable: {fileID: 0}
    m_Command: {fileID: 0}
    m_Localize: 0
    m_DataVal: {r: 0, g: 0, b: 0, a: 1}
  m_SortingOrder:
    m_VariableDataType: 0
    m_Variable: {fileID: 0}
    m_Command: {fileID: 0}
    m_Localize: 0
    m_DataVal: 1
  m_Duration:
    m_VariableDataType: 0
    m_Variable: {fileID: 0}
    m_Command: {fileID: 0}
    m_Localize: 0
    m_DataVal: 0.5
--- !u!114 &114545960837949496
MonoBehaviour:
  m_ObjectHideFlags: 0
  m_CorrespondingSourceObject: {fileID: 0}
  m_PrefabInstance: {fileID: 0}
  m_PrefabAsset: {fileID: 0}
  m_GameObject: {fileID: 1917319153839538}
  m_Enabled: 1
  m_EditorHideFlags: 0
  m_Script: {fileID: 11500000, guid: 207aecf668a0345388087ccf522f9957, type: 3}
  m_Name: 
  m_EditorClassIdentifier: 
  m_Key: 114545960837949496_292acc0d724696f4ba0df5b66b5135d6
  m_ItemId: 1191
  m_ParentFlowchartItem: {fileID: 114333566101316332}
  m_WaitUntilFinished:
    m_VariableDataType: 0
    m_Variable: {fileID: 0}
    m_Command: {fileID: 0}
    m_Localize: 0
    m_DataVal: 1
  m_IndentLevel: 0
  m_CommandIndex: 1
  m_FadeColor:
    m_VariableDataType: 0
    m_Variable: {fileID: 0}
    m_Command: {fileID: 0}
    m_Localize: 0
    m_DataVal: {r: 0, g: 0, b: 0, a: 0}
  m_SortingOrder:
    m_VariableDataType: 0
    m_Variable: {fileID: 0}
    m_Command: {fileID: 0}
    m_Localize: 0
    m_DataVal: 1
  m_Duration:
    m_VariableDataType: 0
    m_Variable: {fileID: 0}
    m_Command: {fileID: 0}
    m_Localize: 0
    m_DataVal: 0.5
--- !u!114 &114920740665950888
MonoBehaviour:
  m_ObjectHideFlags: 0
  m_CorrespondingSourceObject: {fileID: 0}
  m_PrefabInstance: {fileID: 0}
  m_PrefabAsset: {fileID: 0}
  m_GameObject: {fileID: 1917319153839538}
  m_Enabled: 1
  m_EditorHideFlags: 0
  m_Script: {fileID: 11500000, guid: fb77d0ce495044f6e9feb91b31798e8c, type: 3}
  m_Name: 
  m_EditorClassIdentifier: 
  m_Key: 114920740665950888_292acc0d724696f4ba0df5b66b5135d6
  m_ItemId: 1192
  m_ParentFlowchartItem: {fileID: 114761958363860226}
  m_WaitUntilFinished:
    m_VariableDataType: 0
    m_Variable: {fileID: 0}
    m_Command: {fileID: 0}
    m_Localize: 0
    m_DataVal: 0
  m_IndentLevel: 0
  m_CommandIndex: 1
  m_Variable: {fileID: 114551892380017214, guid: 20aecb0f38dde6c4b84c9b1500596aa2,
    type: 3}
  m_Operation: 0
  m_Value:
    m_VariableDataType: 0
    m_Variable: {fileID: 0}
    m_Command: {fileID: 0}
    m_Localize: 0
    m_DataVal:
      m_ValueTypeName: System.Boolean, mscorlib
      m_UseDynamicValueType: 0
      m_SerializedValue: true
      m_ObjectReferenceValue: {fileID: 0}
      m_ObjectReferenceListValue: []
--- !u!114 &114408613964352418
MonoBehaviour:
  m_ObjectHideFlags: 0
  m_CorrespondingSourceObject: {fileID: 0}
  m_PrefabInstance: {fileID: 0}
  m_PrefabAsset: {fileID: 0}
  m_GameObject: {fileID: 1917319153839538}
  m_Enabled: 1
  m_EditorHideFlags: 0
  m_Script: {fileID: 11500000, guid: fb77d0ce495044f6e9feb91b31798e8c, type: 3}
  m_Name: 
  m_EditorClassIdentifier: 
  m_Key: 114408613964352418_292acc0d724696f4ba0df5b66b5135d6
  m_ItemId: 1193
  m_ParentFlowchartItem: {fileID: 114333566101316332}
  m_WaitUntilFinished:
    m_VariableDataType: 0
    m_Variable: {fileID: 0}
    m_Command: {fileID: 0}
    m_Localize: 0
    m_DataVal: 0
  m_IndentLevel: 0
  m_CommandIndex: 3
  m_Variable: {fileID: 114551892380017214, guid: 20aecb0f38dde6c4b84c9b1500596aa2,
    type: 3}
  m_Operation: 0
  m_Value:
    m_VariableDataType: 0
    m_Variable: {fileID: 0}
    m_Command: {fileID: 0}
    m_Localize: 0
    m_DataVal:
      m_ValueTypeName: System.Boolean, mscorlib
      m_UseDynamicValueType: 0
      m_SerializedValue: false
      m_ObjectReferenceValue: {fileID: 0}
      m_ObjectReferenceListValue: []
--- !u!114 &114330255844166864
MonoBehaviour:
  m_ObjectHideFlags: 0
  m_CorrespondingSourceObject: {fileID: 0}
  m_PrefabInstance: {fileID: 0}
  m_PrefabAsset: {fileID: 0}
  m_GameObject: {fileID: 1917319153839538}
  m_Enabled: 1
  m_EditorHideFlags: 0
  m_Script: {fileID: 11500000, guid: 3d3d73aef2cfc4f51abf34ac00241f60, type: 3}
  m_Name: 
  m_EditorClassIdentifier: 
  m_Key: 114330255844166864_292acc0d724696f4ba0df5b66b5135d6
  m_ItemId: 1196
  m_ParentFlowchartItem: {fileID: 0}
  m_TemplateBlock: {fileID: 0}
  m_NodePosition: {x: 100, y: 1210}
  m_BlockName: PUZZLE TO CUTSCENE
  m_Scope: 1
  m_Description: Anything that needs to be set up between the puzzle ending and the
    cutscene starting again
  m_Parameters: []
  m_ReturnTypeName: 
  m_EventHandler: {fileID: 114843253068311484}
  m_Commands: []
--- !u!114 &114843253068311484
MonoBehaviour:
  m_ObjectHideFlags: 0
  m_CorrespondingSourceObject: {fileID: 0}
  m_PrefabInstance: {fileID: 0}
  m_PrefabAsset: {fileID: 0}
  m_GameObject: {fileID: 1917319153839538}
  m_Enabled: 1
  m_EditorHideFlags: 0
  m_Script: {fileID: 11500000, guid: 2d7d417659cd54a6787f70f763950c34, type: 3}
  m_Name: 
  m_EditorClassIdentifier: 
  m_Key: 114843253068311484_292acc0d724696f4ba0df5b66b5135d6
  m_ItemId: -1
  m_ParentFlowchartItem: {fileID: 114330255844166864}
  m_Message:
    m_VariableDataType: 1
    m_Variable: {fileID: 114148475324459888, guid: f487375d32d134a2a9270b6269cadefd,
      type: 3}
    m_Command: {fileID: 0}
    m_Localize: 1
    m_DataVal: 
--- !u!114 &114852450755581176
MonoBehaviour:
  m_ObjectHideFlags: 0
  m_CorrespondingSourceObject: {fileID: 0}
  m_PrefabInstance: {fileID: 0}
  m_PrefabAsset: {fileID: 0}
  m_GameObject: {fileID: 1917319153839538}
  m_Enabled: 1
  m_EditorHideFlags: 0
  m_Script: {fileID: 11500000, guid: b639b31478b97c146aa20595f240e172, type: 3}
  m_Name: 
  m_EditorClassIdentifier: 
  m_Key: 114852450755581176_292acc0d724696f4ba0df5b66b5135d6
  m_ItemId: 1197
  m_ParentFlowchartItem: {fileID: 114761958363860226}
  m_WaitUntilFinished:
    m_VariableDataType: 0
    m_Variable: {fileID: 0}
    m_Command: {fileID: 0}
    m_Localize: 0
    m_DataVal: 0
  m_IndentLevel: 0
  m_CommandIndex: 2
  m_AudioTarget: 2
  m_AudioSource:
    m_VariableDataType: 0
    m_Variable: {fileID: 0}
    m_Command: {fileID: 0}
    m_Localize: 0
    m_DataVal: {fileID: 0}
  m_AudioMixerGroup:
    m_VariableDataType: 0
    m_Variable: {fileID: 0}
    m_Command: {fileID: 0}
    m_Localize: 0
    m_DataVal: {fileID: 243605891806298748, guid: a6b5cb47bf375204da2ddff36d1bf6ba,
      type: 2}
  m_FadeDuration:
    m_VariableDataType: 0
    m_Variable: {fileID: 0}
    m_Command: {fileID: 0}
    m_Localize: 0
    m_DataVal: 0.5
--- !u!114 &114482498372288612
MonoBehaviour:
  m_ObjectHideFlags: 0
  m_CorrespondingSourceObject: {fileID: 0}
  m_PrefabInstance: {fileID: 0}
  m_PrefabAsset: {fileID: 0}
  m_GameObject: {fileID: 1917319153839538}
  m_Enabled: 1
  m_EditorHideFlags: 0
  m_Script: {fileID: 11500000, guid: 6d491c11b6ed69c409abbf25b64be2f0, type: 3}
  m_Name: 
  m_EditorClassIdentifier: 
  m_Key: 114482498372288612_292acc0d724696f4ba0df5b66b5135d6
  m_ItemId: 1198
  m_ParentFlowchartItem: {fileID: 114333566101316332}
  m_WaitUntilFinished:
    m_VariableDataType: 0
    m_Variable: {fileID: 0}
    m_Command: {fileID: 0}
    m_Localize: 0
    m_DataVal: 0
  m_IndentLevel: 0
  m_CommandIndex: 0
  m_AudioSource:
    m_VariableDataType: 1
    m_Variable: {fileID: 114926927407963530, guid: f049c614f71126e4daf078b603ed421d,
      type: 3}
    m_Command: {fileID: 0}
    m_Localize: 0
    m_DataVal: {fileID: 0}
  m_FadeDuration:
    m_VariableDataType: 0
    m_Variable: {fileID: 0}
    m_Command: {fileID: 0}
    m_Localize: 0
    m_DataVal: 0.5
  m_Loop:
    m_VariableDataType: 0
    m_Variable: {fileID: 0}
    m_Command: {fileID: 0}
    m_Localize: 0
    m_DataVal: 1
--- !u!114 &114600194240392496
MonoBehaviour:
  m_ObjectHideFlags: 0
  m_CorrespondingSourceObject: {fileID: 0}
  m_PrefabInstance: {fileID: 0}
  m_PrefabAsset: {fileID: 0}
  m_GameObject: {fileID: 1917319153839538}
  m_Enabled: 1
  m_EditorHideFlags: 0
  m_Script: {fileID: 11500000, guid: b0acce993e59f614f8a7a4775a561c86, type: 3}
  m_Name: 
  m_EditorClassIdentifier: 
  m_Key: 114600194240392496_292acc0d724696f4ba0df5b66b5135d6
  m_ItemId: 1199
  m_ParentFlowchartItem: {fileID: 114035605581129870}
  m_WaitUntilFinished:
    m_VariableDataType: 0
    m_Variable: {fileID: 0}
    m_Command: {fileID: 0}
    m_Localize: 0
    m_DataVal: 0
  m_IndentLevel: 0
  m_CommandIndex: 0
  m_Stage:
    m_VariableDataType: 0
    m_Variable: {fileID: 0}
    m_Command: {fileID: 0}
    m_Localize: 0
    m_DataVal: {fileID: 11410274, guid: c6289d5f8fa843145a2355af9cb09719, type: 3}
  m_UseDefaultSettings:
    m_VariableDataType: 0
    m_Variable: {fileID: 0}
    m_Command: {fileID: 0}
    m_Localize: 0
    m_DataVal: 1
  m_FadeDuration:
    m_VariableDataType: 0
    m_Variable: {fileID: 0}
    m_Command: {fileID: 0}
    m_Localize: 0
    m_DataVal: 0
--- !u!114 &114762753908258384
MonoBehaviour:
  m_ObjectHideFlags: 0
  m_CorrespondingSourceObject: {fileID: 0}
  m_PrefabInstance: {fileID: 0}
  m_PrefabAsset: {fileID: 0}
  m_GameObject: {fileID: 1917319153839538}
  m_Enabled: 1
  m_EditorHideFlags: 0
  m_Script: {fileID: 11500000, guid: b0acce993e59f614f8a7a4775a561c86, type: 3}
  m_Name: 
  m_EditorClassIdentifier: 
  m_Key: 114762753908258384_292acc0d724696f4ba0df5b66b5135d6
  m_ItemId: 1200
  m_ParentFlowchartItem: {fileID: 114593739298571002}
  m_WaitUntilFinished:
    m_VariableDataType: 0
    m_Variable: {fileID: 0}
    m_Command: {fileID: 0}
    m_Localize: 0
    m_DataVal: 0
  m_IndentLevel: 0
  m_CommandIndex: 0
  m_Stage:
    m_VariableDataType: 0
    m_Variable: {fileID: 0}
    m_Command: {fileID: 0}
    m_Localize: 0
    m_DataVal: {fileID: 11410274, guid: c6289d5f8fa843145a2355af9cb09719, type: 3}
  m_UseDefaultSettings:
    m_VariableDataType: 0
    m_Variable: {fileID: 0}
    m_Command: {fileID: 0}
    m_Localize: 0
    m_DataVal: 1
  m_FadeDuration:
    m_VariableDataType: 0
    m_Variable: {fileID: 0}
    m_Command: {fileID: 0}
    m_Localize: 0
    m_DataVal: 0
--- !u!114 &114599036960160724
MonoBehaviour:
  m_ObjectHideFlags: 0
  m_CorrespondingSourceObject: {fileID: 0}
  m_PrefabInstance: {fileID: 0}
  m_PrefabAsset: {fileID: 0}
  m_GameObject: {fileID: 1917319153839538}
  m_Enabled: 1
  m_EditorHideFlags: 0
  m_Script: {fileID: 11500000, guid: e82f380fa87f9e44a865be47e7af9f23, type: 3}
  m_Name: 
  m_EditorClassIdentifier: 
  m_Key: 114599036960160724_292acc0d724696f4ba0df5b66b5135d6
  m_ItemId: 1201
  m_ParentFlowchartItem: {fileID: 114035605581129870}
  m_WaitUntilFinished:
    m_VariableDataType: 0
    m_Variable: {fileID: 0}
    m_Command: {fileID: 0}
    m_Localize: 0
    m_DataVal: 0
  m_IndentLevel: 0
  m_CommandIndex: 1
  m_TitleText:
    m_VariableDataType: 0
    m_Variable: {fileID: 0}
    m_Command: {fileID: 0}
    m_Localize: 1
    m_DataVal: 
  m_MessageText:
    m_VariableDataType: 1
    m_Variable: {fileID: 114274798114243644}
    m_Command: {fileID: 0}
    m_Localize: 1
    m_DataVal: 
  m_Icon:
    m_VariableDataType: 0
    m_Variable: {fileID: 0}
    m_Command: {fileID: 0}
    m_Localize: 0
    m_DataVal: {fileID: 0}
  m_OptionMenu:
    m_VariableDataType: 0
    m_Variable: {fileID: 0}
    m_Command: {fileID: 0}
    m_Localize: 0
    m_DataVal: {fileID: 114986231778214312, guid: c6d1ec05159395b41949ec24e41b6563,
      type: 3}
--- !u!114 &114964394858091862
MonoBehaviour:
  m_ObjectHideFlags: 0
  m_CorrespondingSourceObject: {fileID: 0}
  m_PrefabInstance: {fileID: 0}
  m_PrefabAsset: {fileID: 0}
  m_GameObject: {fileID: 1917319153839538}
  m_Enabled: 1
  m_EditorHideFlags: 0
  m_Script: {fileID: 11500000, guid: 4c1f2791579c34242ab5d538a12a8c44, type: 3}
  m_Name: 
  m_EditorClassIdentifier: 
  m_Key: 114964394858091862_292acc0d724696f4ba0df5b66b5135d6
  m_ItemId: 1202
  m_ParentFlowchartItem: {fileID: 114035605581129870}
  m_WaitUntilFinished:
    m_VariableDataType: 0
    m_Variable: {fileID: 0}
    m_Command: {fileID: 0}
    m_Localize: 0
    m_DataVal: 0
  m_IndentLevel: 0
  m_CommandIndex: 2
  m_OptionMenu:
    m_VariableDataType: 0
    m_Variable: {fileID: 0}
    m_Command: {fileID: 0}
    m_Localize: 0
    m_DataVal: {fileID: 114986231778214312, guid: c6d1ec05159395b41949ec24e41b6563,
      type: 3}
  m_Text:
    m_VariableDataType: 0
    m_Variable: {fileID: 0}
    m_Command: {fileID: 0}
    m_Localize: 1
    m_DataVal: Yes
  m_Icon:
    m_VariableDataType: 0
    m_Variable: {fileID: 0}
    m_Command: {fileID: 0}
    m_Localize: 0
    m_DataVal: {fileID: 0}
  m_TargetBlock:
    m_VariableDataType: 0
    m_Variable: {fileID: 0}
    m_Command: {fileID: 0}
    m_Localize: 0
    m_DataVal: {fileID: 114923916812755778}
  m_CallMode:
    m_VariableDataType: 0
    m_Variable: {fileID: 0}
    m_Command: {fileID: 0}
    m_Localize: 0
    m_DataVal: 0
  m_ReturnVariable: {fileID: 0}
  m_Description: 
--- !u!114 &114251854039159308
MonoBehaviour:
  m_ObjectHideFlags: 0
  m_CorrespondingSourceObject: {fileID: 0}
  m_PrefabInstance: {fileID: 0}
  m_PrefabAsset: {fileID: 0}
  m_GameObject: {fileID: 1917319153839538}
  m_Enabled: 1
  m_EditorHideFlags: 0
  m_Script: {fileID: 11500000, guid: 4c1f2791579c34242ab5d538a12a8c44, type: 3}
  m_Name: 
  m_EditorClassIdentifier: 
  m_Key: 114251854039159308_292acc0d724696f4ba0df5b66b5135d6
  m_ItemId: 1203
  m_ParentFlowchartItem: {fileID: 114035605581129870}
  m_WaitUntilFinished:
    m_VariableDataType: 0
    m_Variable: {fileID: 0}
    m_Command: {fileID: 0}
    m_Localize: 0
    m_DataVal: 0
  m_IndentLevel: 0
  m_CommandIndex: 3
  m_OptionMenu:
    m_VariableDataType: 0
    m_Variable: {fileID: 0}
    m_Command: {fileID: 0}
    m_Localize: 0
    m_DataVal: {fileID: 114986231778214312, guid: c6d1ec05159395b41949ec24e41b6563,
      type: 3}
  m_Text:
    m_VariableDataType: 0
    m_Variable: {fileID: 0}
    m_Command: {fileID: 0}
    m_Localize: 1
    m_DataVal: No
  m_Icon:
    m_VariableDataType: 0
    m_Variable: {fileID: 0}
    m_Command: {fileID: 0}
    m_Localize: 0
    m_DataVal: {fileID: 0}
  m_TargetBlock:
    m_VariableDataType: 0
    m_Variable: {fileID: 0}
    m_Command: {fileID: 0}
    m_Localize: 0
    m_DataVal: {fileID: 114403117736372552}
  m_CallMode:
    m_VariableDataType: 0
    m_Variable: {fileID: 0}
    m_Command: {fileID: 0}
    m_Localize: 0
    m_DataVal: 0
  m_ReturnVariable: {fileID: 0}
  m_Description: 
--- !u!114 &114165060463457042
MonoBehaviour:
  m_ObjectHideFlags: 0
  m_CorrespondingSourceObject: {fileID: 0}
  m_PrefabInstance: {fileID: 0}
  m_PrefabAsset: {fileID: 0}
  m_GameObject: {fileID: 1917319153839538}
  m_Enabled: 1
  m_EditorHideFlags: 0
  m_Script: {fileID: 11500000, guid: e82f380fa87f9e44a865be47e7af9f23, type: 3}
  m_Name: 
  m_EditorClassIdentifier: 
  m_Key: 114165060463457042_292acc0d724696f4ba0df5b66b5135d6
  m_ItemId: 1204
  m_ParentFlowchartItem: {fileID: 114593739298571002}
  m_WaitUntilFinished:
    m_VariableDataType: 0
    m_Variable: {fileID: 0}
    m_Command: {fileID: 0}
    m_Localize: 0
    m_DataVal: 0
  m_IndentLevel: 0
  m_CommandIndex: 1
  m_TitleText:
    m_VariableDataType: 0
    m_Variable: {fileID: 0}
    m_Command: {fileID: 0}
    m_Localize: 1
    m_DataVal: 
  m_MessageText:
    m_VariableDataType: 1
    m_Variable: {fileID: 114513713677094498}
    m_Command: {fileID: 0}
    m_Localize: 1
    m_DataVal: 
  m_Icon:
    m_VariableDataType: 0
    m_Variable: {fileID: 0}
    m_Command: {fileID: 0}
    m_Localize: 0
    m_DataVal: {fileID: 0}
  m_OptionMenu:
    m_VariableDataType: 0
    m_Variable: {fileID: 0}
    m_Command: {fileID: 0}
    m_Localize: 0
    m_DataVal: {fileID: 114986231778214312, guid: c6d1ec05159395b41949ec24e41b6563,
      type: 3}
--- !u!114 &114319368723426634
MonoBehaviour:
  m_ObjectHideFlags: 0
  m_CorrespondingSourceObject: {fileID: 0}
  m_PrefabInstance: {fileID: 0}
  m_PrefabAsset: {fileID: 0}
  m_GameObject: {fileID: 1917319153839538}
  m_Enabled: 1
  m_EditorHideFlags: 0
  m_Script: {fileID: 11500000, guid: 4c1f2791579c34242ab5d538a12a8c44, type: 3}
  m_Name: 
  m_EditorClassIdentifier: 
  m_Key: 114319368723426634_292acc0d724696f4ba0df5b66b5135d6
  m_ItemId: 1205
  m_ParentFlowchartItem: {fileID: 114593739298571002}
  m_WaitUntilFinished:
    m_VariableDataType: 0
    m_Variable: {fileID: 0}
    m_Command: {fileID: 0}
    m_Localize: 0
    m_DataVal: 0
  m_IndentLevel: 0
  m_CommandIndex: 2
  m_OptionMenu:
    m_VariableDataType: 0
    m_Variable: {fileID: 0}
    m_Command: {fileID: 0}
    m_Localize: 0
    m_DataVal: {fileID: 114986231778214312, guid: c6d1ec05159395b41949ec24e41b6563,
      type: 3}
  m_Text:
    m_VariableDataType: 0
    m_Variable: {fileID: 0}
    m_Command: {fileID: 0}
    m_Localize: 1
    m_DataVal: Yes
  m_Icon:
    m_VariableDataType: 0
    m_Variable: {fileID: 0}
    m_Command: {fileID: 0}
    m_Localize: 0
    m_DataVal: {fileID: 0}
  m_TargetBlock:
    m_VariableDataType: 0
    m_Variable: {fileID: 0}
    m_Command: {fileID: 0}
    m_Localize: 0
    m_DataVal: {fileID: 114098490025438136}
  m_CallMode:
    m_VariableDataType: 0
    m_Variable: {fileID: 0}
    m_Command: {fileID: 0}
    m_Localize: 0
    m_DataVal: 0
  m_ReturnVariable: {fileID: 0}
  m_Description: 
--- !u!114 &114560179155659880
MonoBehaviour:
  m_ObjectHideFlags: 0
  m_CorrespondingSourceObject: {fileID: 0}
  m_PrefabInstance: {fileID: 0}
  m_PrefabAsset: {fileID: 0}
  m_GameObject: {fileID: 1917319153839538}
  m_Enabled: 1
  m_EditorHideFlags: 0
  m_Script: {fileID: 11500000, guid: 4c1f2791579c34242ab5d538a12a8c44, type: 3}
  m_Name: 
  m_EditorClassIdentifier: 
  m_Key: 114560179155659880_292acc0d724696f4ba0df5b66b5135d6
  m_ItemId: 1206
  m_ParentFlowchartItem: {fileID: 114593739298571002}
  m_WaitUntilFinished:
    m_VariableDataType: 0
    m_Variable: {fileID: 0}
    m_Command: {fileID: 0}
    m_Localize: 0
    m_DataVal: 0
  m_IndentLevel: 0
  m_CommandIndex: 3
  m_OptionMenu:
    m_VariableDataType: 0
    m_Variable: {fileID: 0}
    m_Command: {fileID: 0}
    m_Localize: 0
    m_DataVal: {fileID: 114986231778214312, guid: c6d1ec05159395b41949ec24e41b6563,
      type: 3}
  m_Text:
    m_VariableDataType: 0
    m_Variable: {fileID: 0}
    m_Command: {fileID: 0}
    m_Localize: 1
    m_DataVal: No
  m_Icon:
    m_VariableDataType: 0
    m_Variable: {fileID: 0}
    m_Command: {fileID: 0}
    m_Localize: 0
    m_DataVal: {fileID: 0}
  m_TargetBlock:
    m_VariableDataType: 0
    m_Variable: {fileID: 0}
    m_Command: {fileID: 0}
    m_Localize: 0
    m_DataVal: {fileID: 114370609499013142}
  m_CallMode:
    m_VariableDataType: 0
    m_Variable: {fileID: 0}
    m_Command: {fileID: 0}
    m_Localize: 0
    m_DataVal: 0
  m_ReturnVariable: {fileID: 0}
  m_Description: 
