%YAML 1.1
%TAG !u! tag:unity3d.com,2011:
--- !u!1 &1617485178068946
GameObject:
  m_ObjectHideFlags: 0
  m_CorrespondingSourceObject: {fileID: 0}
  m_PrefabInstance: {fileID: 0}
  m_PrefabAsset: {fileID: 0}
  serializedVersion: 6
  m_Component:
  - component: {fileID: 4171542013592542}
  - component: {fileID: 114408463063922388}
  - component: {fileID: 114563482631089284}
  - component: {fileID: 114659307208690008}
  - component: {fileID: 114877920900402574}
  - component: {fileID: 114565806329443316}
  - component: {fileID: 114611949176565228}
  - component: {fileID: 114129562250508532}
  - component: {fileID: 114901290893998788}
  - component: {fileID: 114877233084411714}
  - component: {fileID: 114378092029770836}
  - component: {fileID: 114928921277498676}
  - component: {fileID: 114443772155672314}
  - component: {fileID: 114005069383828806}
  - component: {fileID: 114153081715480246}
  - component: {fileID: 114307907318782550}
  - component: {fileID: 114500183902373958}
  - component: {fileID: 114320644727737682}
  - component: {fileID: 114690666865429184}
  - component: {fileID: 114293917679335284}
  - component: {fileID: 114391554251233768}
  - component: {fileID: 114166154765938840}
  - component: {fileID: 114828325123566582}
  - component: {fileID: 114993897451734108}
  - component: {fileID: 114025815558261566}
  - component: {fileID: 114804933211486962}
  - component: {fileID: 114895232268369758}
  - component: {fileID: 114737244057948224}
  m_Layer: 0
  m_Name: SideCaseInfoTemplate
  m_TagString: Untagged
  m_Icon: {fileID: 0}
  m_NavMeshLayer: 0
  m_StaticEditorFlags: 0
  m_IsActive: 1
--- !u!4 &4171542013592542
Transform:
  m_ObjectHideFlags: 0
  m_CorrespondingSourceObject: {fileID: 0}
  m_PrefabInstance: {fileID: 0}
  m_PrefabAsset: {fileID: 0}
  m_GameObject: {fileID: 1617485178068946}
  m_LocalRotation: {x: -0, y: -0, z: -0, w: 1}
  m_LocalPosition: {x: 380.07233, y: 327.25616, z: 0}
  m_LocalScale: {x: 1, y: 1, z: 1}
  m_Children: []
  m_Father: {fileID: 0}
  m_RootOrder: 0
  m_LocalEulerAnglesHint: {x: 0, y: 0, z: 0}
--- !u!114 &114408463063922388
MonoBehaviour:
  m_ObjectHideFlags: 0
  m_CorrespondingSourceObject: {fileID: 0}
  m_PrefabInstance: {fileID: 0}
  m_PrefabAsset: {fileID: 0}
  m_GameObject: {fileID: 1617485178068946}
  m_Enabled: 1
  m_EditorHideFlags: 0
  m_Script: {fileID: 11500000, guid: 7a334fe2ffb574b3583ff3b18b4792d3, type: 3}
  m_Name: 
  m_EditorClassIdentifier: 
  m_Key: 114408463063922388_db2c02d83835163469231f755d131d40
  m_Version: 1.0
  m_TemplateFlowchart: {fileID: 0}
  m_Description: 
  m_StepPause: 0
  m_PauseOnEnable: 0
  m_HideComponents: 1
  m_Logging: 0
  m_NodePosition: {x: 780, y: -320}
  m_Blocks:
  - {fileID: 114563482631089284}
  - {fileID: 114659307208690008}
  - {fileID: 114877920900402574}
  - {fileID: 114565806329443316}
  m_Variables:
  - {fileID: 114928921277498676}
  - {fileID: 114443772155672314}
  - {fileID: 114005069383828806}
  - {fileID: 114153081715480246}
  - {fileID: 114307907318782550}
  - {fileID: 114500183902373958}
  - {fileID: 114320644727737682}
  - {fileID: 114690666865429184}
  - {fileID: 114293917679335284}
  - {fileID: 114391554251233768}
  - {fileID: 114993897451734108}
  - {fileID: 114804933211486962}
  - {fileID: 114737244057948224}
--- !u!114 &114563482631089284
MonoBehaviour:
  m_ObjectHideFlags: 0
  m_CorrespondingSourceObject: {fileID: 0}
  m_PrefabInstance: {fileID: 0}
  m_PrefabAsset: {fileID: 0}
  m_GameObject: {fileID: 1617485178068946}
  m_Enabled: 1
  m_EditorHideFlags: 0
  m_Script: {fileID: 11500000, guid: 3d3d73aef2cfc4f51abf34ac00241f60, type: 3}
  m_Name: 
  m_EditorClassIdentifier: 
  m_Key: 114563482631089284_db2c02d83835163469231f755d131d40
  m_ItemId: 0
  m_ParentFlowchartItem: {fileID: 0}
  m_TemplateBlock: {fileID: 0}
  m_NodePosition: {x: 0, y: 30}
  m_BlockName: SETUP
  m_Scope: 0
  m_Description: Puzzle information should be set up as variables
  m_Parameters: []
  m_ReturnTypeName: 
  m_EventHandler: {fileID: 114166154765938840}
  m_Commands:
  - {fileID: 114877233084411714}
  - {fileID: 114025815558261566}
  - {fileID: 114378092029770836}
  - {fileID: 114895232268369758}
  - {fileID: 114828325123566582}
--- !u!114 &114659307208690008
MonoBehaviour:
  m_ObjectHideFlags: 0
  m_CorrespondingSourceObject: {fileID: 0}
  m_PrefabInstance: {fileID: 0}
  m_PrefabAsset: {fileID: 0}
  m_GameObject: {fileID: 1617485178068946}
  m_Enabled: 1
  m_EditorHideFlags: 0
  m_Script: {fileID: 11500000, guid: 3d3d73aef2cfc4f51abf34ac00241f60, type: 3}
  m_Name: 
  m_EditorClassIdentifier: 
  m_Key: 114659307208690008_db2c02d83835163469231f755d131d40
  m_ItemId: 779
  m_ParentFlowchartItem: {fileID: 0}
  m_TemplateBlock: {fileID: 0}
  m_NodePosition: {x: 0, y: 150}
  m_BlockName: PUZZLE WRONG 1
  m_Scope: 1
  m_Description: Add wrong dialog using "Say" commands set to MapModeDialogBox
  m_Parameters: []
  m_ReturnTypeName: 
  m_EventHandler: {fileID: 114611949176565228}
  m_Commands: []
--- !u!114 &114877920900402574
MonoBehaviour:
  m_ObjectHideFlags: 0
  m_CorrespondingSourceObject: {fileID: 0}
  m_PrefabInstance: {fileID: 0}
  m_PrefabAsset: {fileID: 0}
  m_GameObject: {fileID: 1617485178068946}
  m_Enabled: 1
  m_EditorHideFlags: 0
  m_Script: {fileID: 11500000, guid: 3d3d73aef2cfc4f51abf34ac00241f60, type: 3}
  m_Name: 
  m_EditorClassIdentifier: 
  m_Key: 114877920900402574_db2c02d83835163469231f755d131d40
  m_ItemId: 780
  m_ParentFlowchartItem: {fileID: 0}
  m_TemplateBlock: {fileID: 0}
  m_NodePosition: {x: 0, y: 260}
  m_BlockName: PUZZLE WRONG 2
  m_Scope: 1
  m_Description: Add wrong dialog using "Say" commands set to MapModeDialogBox
  m_Parameters: []
  m_ReturnTypeName: 
  m_EventHandler: {fileID: 114129562250508532}
  m_Commands: []
--- !u!114 &114565806329443316
MonoBehaviour:
  m_ObjectHideFlags: 0
  m_CorrespondingSourceObject: {fileID: 0}
  m_PrefabInstance: {fileID: 0}
  m_PrefabAsset: {fileID: 0}
  m_GameObject: {fileID: 1617485178068946}
  m_Enabled: 1
  m_EditorHideFlags: 0
  m_Script: {fileID: 11500000, guid: 3d3d73aef2cfc4f51abf34ac00241f60, type: 3}
  m_Name: 
  m_EditorClassIdentifier: 
  m_Key: 114565806329443316_db2c02d83835163469231f755d131d40
  m_ItemId: 781
  m_ParentFlowchartItem: {fileID: 0}
  m_TemplateBlock: {fileID: 0}
  m_NodePosition: {x: 0, y: 370}
  m_BlockName: PUZZLE WRONG 3
  m_Scope: 1
  m_Description: Add wrong dialog using "Say" commands set to MapModeDialogBox
  m_Parameters: []
  m_ReturnTypeName: 
  m_EventHandler: {fileID: 114901290893998788}
  m_Commands: []
--- !u!114 &114611949176565228
MonoBehaviour:
  m_ObjectHideFlags: 0
  m_CorrespondingSourceObject: {fileID: 0}
  m_PrefabInstance: {fileID: 0}
  m_PrefabAsset: {fileID: 0}
  m_GameObject: {fileID: 1617485178068946}
  m_Enabled: 1
  m_EditorHideFlags: 0
  m_Script: {fileID: 11500000, guid: 2d7d417659cd54a6787f70f763950c34, type: 3}
  m_Name: 
  m_EditorClassIdentifier: 
  m_Key: 114611949176565228_db2c02d83835163469231f755d131d40
  m_ItemId: -1
  m_ParentFlowchartItem: {fileID: 114659307208690008}
  m_Message:
    m_VariableDataType: 1
    m_Variable: {fileID: 114000013257805792, guid: 6695f451c17655c45aa64b6cae0264d7,
      type: 3}
    m_Command: {fileID: 0}
    m_Localize: 1
    m_DataVal: 
--- !u!114 &114129562250508532
MonoBehaviour:
  m_ObjectHideFlags: 0
  m_CorrespondingSourceObject: {fileID: 0}
  m_PrefabInstance: {fileID: 0}
  m_PrefabAsset: {fileID: 0}
  m_GameObject: {fileID: 1617485178068946}
  m_Enabled: 1
  m_EditorHideFlags: 0
  m_Script: {fileID: 11500000, guid: 2d7d417659cd54a6787f70f763950c34, type: 3}
  m_Name: 
  m_EditorClassIdentifier: 
  m_Key: 114129562250508532_db2c02d83835163469231f755d131d40
  m_ItemId: -1
  m_ParentFlowchartItem: {fileID: 114877920900402574}
  m_Message:
    m_VariableDataType: 1
    m_Variable: {fileID: 114000013981927898, guid: 6695f451c17655c45aa64b6cae0264d7,
      type: 3}
    m_Command: {fileID: 0}
    m_Localize: 1
    m_DataVal: 
--- !u!114 &114901290893998788
MonoBehaviour:
  m_ObjectHideFlags: 0
  m_CorrespondingSourceObject: {fileID: 0}
  m_PrefabInstance: {fileID: 0}
  m_PrefabAsset: {fileID: 0}
  m_GameObject: {fileID: 1617485178068946}
  m_Enabled: 1
  m_EditorHideFlags: 0
  m_Script: {fileID: 11500000, guid: 2d7d417659cd54a6787f70f763950c34, type: 3}
  m_Name: 
  m_EditorClassIdentifier: 
  m_Key: 114901290893998788_db2c02d83835163469231f755d131d40
  m_ItemId: -1
  m_ParentFlowchartItem: {fileID: 114565806329443316}
  m_Message:
    m_VariableDataType: 1
    m_Variable: {fileID: 114000013470295686, guid: 6695f451c17655c45aa64b6cae0264d7,
      type: 3}
    m_Command: {fileID: 0}
    m_Localize: 1
    m_DataVal: 
--- !u!114 &114877233084411714
MonoBehaviour:
  m_ObjectHideFlags: 0
  m_CorrespondingSourceObject: {fileID: 0}
  m_PrefabInstance: {fileID: 0}
  m_PrefabAsset: {fileID: 0}
  m_GameObject: {fileID: 1617485178068946}
  m_Enabled: 1
  m_EditorHideFlags: 0
  m_Script: {fileID: 11500000, guid: fb77d0ce495044f6e9feb91b31798e8c, type: 3}
  m_Name: 
  m_EditorClassIdentifier: 
  m_Key: 114877233084411714_db2c02d83835163469231f755d131d40
  m_ItemId: 848
  m_ParentFlowchartItem: {fileID: 114563482631089284}
  m_WaitUntilFinished:
    m_VariableDataType: 0
    m_Variable: {fileID: 0}
    m_Command: {fileID: 0}
    m_Localize: 0
    m_DataVal: 0
  m_IndentLevel: 0
  m_CommandIndex: 0
  m_Variable: {fileID: 114033316259635498, guid: f487375d32d134a2a9270b6269cadefd,
    type: 3}
  m_Operation: 0
  m_Value:
    m_VariableDataType: 1
    m_Variable: {fileID: 114293917679335284}
    m_Command: {fileID: 0}
    m_Localize: 0
    m_DataVal:
      m_ValueTypeName: Fungus.Flowchart, Fungus
      m_UseDynamicValueType: 0
      m_SerializedValue: 
      m_ObjectReferenceValue: {fileID: 0}
      m_ObjectReferenceListValue: []
--- !u!114 &114378092029770836
MonoBehaviour:
  m_ObjectHideFlags: 0
  m_CorrespondingSourceObject: {fileID: 0}
  m_PrefabInstance: {fileID: 0}
  m_PrefabAsset: {fileID: 0}
  m_GameObject: {fileID: 1617485178068946}
  m_Enabled: 1
  m_EditorHideFlags: 0
  m_Script: {fileID: 11500000, guid: fb77d0ce495044f6e9feb91b31798e8c, type: 3}
  m_Name: 
  m_EditorClassIdentifier: 
  m_Key: 114378092029770836_db2c02d83835163469231f755d131d40
  m_ItemId: 849
  m_ParentFlowchartItem: {fileID: 114563482631089284}
  m_WaitUntilFinished:
    m_VariableDataType: 0
    m_Variable: {fileID: 0}
    m_Command: {fileID: 0}
    m_Localize: 0
    m_DataVal: 0
  m_IndentLevel: 0
  m_CommandIndex: 2
  m_Variable: {fileID: 114061312004391404, guid: f487375d32d134a2a9270b6269cadefd,
    type: 3}
  m_Operation: 0
  m_Value:
    m_VariableDataType: 1
    m_Variable: {fileID: 114391554251233768}
    m_Command: {fileID: 0}
    m_Localize: 0
    m_DataVal:
      m_ValueTypeName: Fungus.Flowchart, Fungus
      m_UseDynamicValueType: 0
      m_SerializedValue: 
      m_ObjectReferenceValue: {fileID: 0}
      m_ObjectReferenceListValue: []
--- !u!114 &114928921277498676
MonoBehaviour:
  m_ObjectHideFlags: 0
  m_CorrespondingSourceObject: {fileID: 0}
  m_PrefabInstance: {fileID: 0}
  m_PrefabAsset: {fileID: 0}
  m_GameObject: {fileID: 1617485178068946}
  m_Enabled: 1
  m_EditorHideFlags: 0
  m_Script: {fileID: 11500000, guid: 4580f28dd8581476b810b38eea2f1316, type: 3}
  m_Name: 
  m_EditorClassIdentifier: 
  m_Key: 114928921277498676_db2c02d83835163469231f755d131d40
  m_ItemId: -1
  m_ParentFlowchartItem: {fileID: 0}
  m_TemplateVariable: {fileID: 0}
  m_VariableName: PuzzleTitle
  m_Scope: 1
  m_Localize: 1
  m_VariableIndex: 0
  m_Value: 
--- !u!114 &114443772155672314
MonoBehaviour:
  m_ObjectHideFlags: 0
  m_CorrespondingSourceObject: {fileID: 0}
  m_PrefabInstance: {fileID: 0}
  m_PrefabAsset: {fileID: 0}
  m_GameObject: {fileID: 1617485178068946}
  m_Enabled: 1
  m_EditorHideFlags: 0
  m_Script: {fileID: 11500000, guid: bff52ce5695dac14c964ecdb321dab1a, type: 3}
  m_Name: 
  m_EditorClassIdentifier: 
  m_Key: 114443772155672314_db2c02d83835163469231f755d131d40
  m_ItemId: -1
  m_ParentFlowchartItem: {fileID: 0}
  m_TemplateVariable: {fileID: 0}
  m_VariableName: PuzzleType
  m_Scope: 1
  m_Localize: 0
  m_VariableIndex: 1
  m_Value: 0
--- !u!114 &114005069383828806
MonoBehaviour:
  m_ObjectHideFlags: 0
  m_CorrespondingSourceObject: {fileID: 0}
  m_PrefabInstance: {fileID: 0}
  m_PrefabAsset: {fileID: 0}
  m_GameObject: {fileID: 1617485178068946}
  m_Enabled: 1
  m_EditorHideFlags: 0
  m_Script: {fileID: 11500000, guid: 4580f28dd8581476b810b38eea2f1316, type: 3}
  m_Name: 
  m_EditorClassIdentifier: 
  m_Key: 114005069383828806_db2c02d83835163469231f755d131d40
  m_ItemId: -1
  m_ParentFlowchartItem: {fileID: 0}
  m_TemplateVariable: {fileID: 0}
  m_VariableName: PuzzleDescription
  m_Scope: 1
  m_Localize: 1
  m_VariableIndex: 2
  m_Value: 
--- !u!114 &114153081715480246
MonoBehaviour:
  m_ObjectHideFlags: 0
  m_CorrespondingSourceObject: {fileID: 0}
  m_PrefabInstance: {fileID: 0}
  m_PrefabAsset: {fileID: 0}
  m_GameObject: {fileID: 1617485178068946}
  m_Enabled: 1
  m_EditorHideFlags: 0
  m_Script: {fileID: 11500000, guid: 4580f28dd8581476b810b38eea2f1316, type: 3}
  m_Name: 
  m_EditorClassIdentifier: 
  m_Key: 114153081715480246_db2c02d83835163469231f755d131d40
  m_ItemId: -1
  m_ParentFlowchartItem: {fileID: 0}
  m_TemplateVariable: {fileID: 0}
  m_VariableName: PuzzleClue
  m_Scope: 1
  m_Localize: 1
  m_VariableIndex: 3
  m_Value: 
--- !u!114 &114307907318782550
MonoBehaviour:
  m_ObjectHideFlags: 0
  m_CorrespondingSourceObject: {fileID: 0}
  m_PrefabInstance: {fileID: 0}
  m_PrefabAsset: {fileID: 0}
  m_GameObject: {fileID: 1617485178068946}
  m_Enabled: 1
  m_EditorHideFlags: 0
  m_Script: {fileID: 11500000, guid: 4580f28dd8581476b810b38eea2f1316, type: 3}
  m_Name: 
  m_EditorClassIdentifier: 
  m_Key: 114307907318782550_db2c02d83835163469231f755d131d40
  m_ItemId: -1
  m_ParentFlowchartItem: {fileID: 0}
  m_TemplateVariable: {fileID: 0}
  m_VariableName: PuzzleHint1
  m_Scope: 1
  m_Localize: 1
  m_VariableIndex: 4
  m_Value: 
--- !u!114 &114500183902373958
MonoBehaviour:
  m_ObjectHideFlags: 0
  m_CorrespondingSourceObject: {fileID: 0}
  m_PrefabInstance: {fileID: 0}
  m_PrefabAsset: {fileID: 0}
  m_GameObject: {fileID: 1617485178068946}
  m_Enabled: 1
  m_EditorHideFlags: 0
  m_Script: {fileID: 11500000, guid: 4580f28dd8581476b810b38eea2f1316, type: 3}
  m_Name: 
  m_EditorClassIdentifier: 
  m_Key: 114500183902373958_db2c02d83835163469231f755d131d40
  m_ItemId: -1
  m_ParentFlowchartItem: {fileID: 0}
  m_TemplateVariable: {fileID: 0}
  m_VariableName: PuzzleHint2
  m_Scope: 1
  m_Localize: 1
  m_VariableIndex: 5
  m_Value: 
--- !u!114 &114320644727737682
MonoBehaviour:
  m_ObjectHideFlags: 0
  m_CorrespondingSourceObject: {fileID: 0}
  m_PrefabInstance: {fileID: 0}
  m_PrefabAsset: {fileID: 0}
  m_GameObject: {fileID: 1617485178068946}
  m_Enabled: 1
  m_EditorHideFlags: 0
  m_Script: {fileID: 11500000, guid: 4580f28dd8581476b810b38eea2f1316, type: 3}
  m_Name: 
  m_EditorClassIdentifier: 
  m_Key: 114320644727737682_db2c02d83835163469231f755d131d40
  m_ItemId: -1
  m_ParentFlowchartItem: {fileID: 0}
  m_TemplateVariable: {fileID: 0}
  m_VariableName: PuzzleHint3
  m_Scope: 1
  m_Localize: 1
  m_VariableIndex: 6
  m_Value: 
--- !u!114 &114690666865429184
MonoBehaviour:
  m_ObjectHideFlags: 0
  m_CorrespondingSourceObject: {fileID: 0}
  m_PrefabInstance: {fileID: 0}
  m_PrefabAsset: {fileID: 0}
  m_GameObject: {fileID: 1617485178068946}
  m_Enabled: 1
  m_EditorHideFlags: 0
  m_Script: {fileID: 11500000, guid: 64052bad8624f104f9a0c59931b28796, type: 3}
  m_Name: 
  m_EditorClassIdentifier: 
  m_Key: 114690666865429184_db2c02d83835163469231f755d131d40
  m_ItemId: -1
  m_ParentFlowchartItem: {fileID: 0}
  m_TemplateVariable: {fileID: 0}
  m_VariableName: PuzzleHintCharacter
  m_Scope: 1
  m_Localize: 0
  m_VariableIndex: 7
  m_Value: {fileID: 0}
--- !u!114 &114293917679335284
MonoBehaviour:
  m_ObjectHideFlags: 0
  m_CorrespondingSourceObject: {fileID: 0}
  m_PrefabInstance: {fileID: 0}
  m_PrefabAsset: {fileID: 0}
  m_GameObject: {fileID: 1617485178068946}
  m_Enabled: 1
  m_EditorHideFlags: 0
  m_Script: {fileID: 11500000, guid: c025397cef947fa4092ac7d21f0d7537, type: 3}
  m_Name: 
  m_EditorClassIdentifier: 
  m_Key: 114293917679335284_db2c02d83835163469231f755d131d40
  m_ItemId: -1
  m_ParentFlowchartItem: {fileID: 114877233084411714}
  m_TemplateVariable: {fileID: 0}
  m_VariableName: CutsceneFlowchart
  m_Scope: 1
  m_Localize: 0
  m_VariableIndex: 8
  m_Value: {fileID: 0}
--- !u!114 &114391554251233768
MonoBehaviour:
  m_ObjectHideFlags: 0
  m_CorrespondingSourceObject: {fileID: 0}
  m_PrefabInstance: {fileID: 0}
  m_PrefabAsset: {fileID: 0}
  m_GameObject: {fileID: 1617485178068946}
  m_Enabled: 1
  m_EditorHideFlags: 0
  m_Script: {fileID: 11500000, guid: c025397cef947fa4092ac7d21f0d7537, type: 3}
  m_Name: 
  m_EditorClassIdentifier: 
  m_Key: 114391554251233768_db2c02d83835163469231f755d131d40
  m_ItemId: -1
  m_ParentFlowchartItem: {fileID: 114378092029770836}
  m_TemplateVariable: {fileID: 0}
  m_VariableName: PuzzleFlowchart
  m_Scope: 1
  m_Localize: 0
  m_VariableIndex: 9
  m_Value: {fileID: 0}
--- !u!114 &114166154765938840
MonoBehaviour:
  m_ObjectHideFlags: 0
  m_CorrespondingSourceObject: {fileID: 0}
  m_PrefabInstance: {fileID: 0}
  m_PrefabAsset: {fileID: 0}
  m_GameObject: {fileID: 1617485178068946}
  m_Enabled: 1
  m_EditorHideFlags: 0
  m_Script: {fileID: 11500000, guid: d2f6487d21a03404cb21b245f0242e79, type: 3}
  m_Name: 
  m_EditorClassIdentifier: 
  m_Key: 114166154765938840_db2c02d83835163469231f755d131d40
  m_ItemId: -1
  m_ParentFlowchartItem: {fileID: 114563482631089284}
--- !u!114 &114828325123566582
MonoBehaviour:
  m_ObjectHideFlags: 0
  m_CorrespondingSourceObject: {fileID: 0}
  m_PrefabInstance: {fileID: 0}
  m_PrefabAsset: {fileID: 0}
  m_GameObject: {fileID: 1617485178068946}
  m_Enabled: 1
  m_EditorHideFlags: 0
  m_Script: {fileID: 11500000, guid: 050fb9e6e72f442b3b883da8a965bdeb, type: 3}
  m_Name: 
  m_EditorClassIdentifier: 
  m_Key: 114828325123566582_db2c02d83835163469231f755d131d40
  m_ItemId: 850
  m_ParentFlowchartItem: {fileID: 114563482631089284}
  m_WaitUntilFinished:
    m_VariableDataType: 0
    m_Variable: {fileID: 0}
    m_Command: {fileID: 0}
    m_Localize: 0
    m_DataVal: 0
  m_IndentLevel: 0
  m_CommandIndex: 4
  m_TargetBlock:
    m_VariableDataType: 0
    m_Variable: {fileID: 0}
    m_Command: {fileID: 0}
    m_Localize: 0
    m_DataVal: {fileID: 114000010550653426, guid: f487375d32d134a2a9270b6269cadefd,
      type: 3}
  m_CallMode:
    m_VariableDataType: 0
    m_Variable: {fileID: 0}
    m_Command: {fileID: 0}
    m_Localize: 0
    m_DataVal: 0
  m_Parameters: []
  m_ReturnVariable: {fileID: 0}
  m_Description: 
--- !u!114 &114993897451734108
MonoBehaviour:
  m_ObjectHideFlags: 0
  m_CorrespondingSourceObject: {fileID: 0}
  m_PrefabInstance: {fileID: 0}
  m_PrefabAsset: {fileID: 0}
  m_GameObject: {fileID: 1617485178068946}
  m_Enabled: 1
  m_EditorHideFlags: 0
  m_Script: {fileID: 11500000, guid: c025397cef947fa4092ac7d21f0d7537, type: 3}
  m_Name: 
  m_EditorClassIdentifier: 
  m_Key: 114993897451734108_db2c02d83835163469231f755d131d40
  m_ItemId: -1
  m_ParentFlowchartItem: {fileID: 114025815558261566}
  m_TemplateVariable: {fileID: 0}
  m_VariableName: InfoFlowchart
  m_Scope: 1
  m_Localize: 0
  m_VariableIndex: 10
  m_Value: {fileID: 0}
--- !u!114 &114025815558261566
MonoBehaviour:
  m_ObjectHideFlags: 0
  m_CorrespondingSourceObject: {fileID: 0}
  m_PrefabInstance: {fileID: 0}
  m_PrefabAsset: {fileID: 0}
  m_GameObject: {fileID: 1617485178068946}
  m_Enabled: 1
  m_EditorHideFlags: 0
  m_Script: {fileID: 11500000, guid: fb77d0ce495044f6e9feb91b31798e8c, type: 3}
  m_Name: 
  m_EditorClassIdentifier: 
  m_Key: 114025815558261566_db2c02d83835163469231f755d131d40
  m_ItemId: 853
  m_ParentFlowchartItem: {fileID: 114563482631089284}
  m_WaitUntilFinished:
    m_VariableDataType: 0
    m_Variable: {fileID: 0}
    m_Command: {fileID: 0}
    m_Localize: 0
    m_DataVal: 0
  m_IndentLevel: 0
  m_CommandIndex: 1
  m_Variable: {fileID: 114592980296609938, guid: f487375d32d134a2a9270b6269cadefd,
    type: 3}
  m_Operation: 0
  m_Value:
    m_VariableDataType: 1
    m_Variable: {fileID: 114993897451734108}
    m_Command: {fileID: 0}
    m_Localize: 0
    m_DataVal:
      m_ValueTypeName: Fungus.Flowchart, Fungus
      m_UseDynamicValueType: 0
      m_SerializedValue: 
      m_ObjectReferenceValue: {fileID: 0}
      m_ObjectReferenceListValue: []
--- !u!114 &114804933211486962
MonoBehaviour:
  m_ObjectHideFlags: 0
  m_CorrespondingSourceObject: {fileID: 0}
  m_PrefabInstance: {fileID: 0}
  m_PrefabAsset: {fileID: 0}
  m_GameObject: {fileID: 1617485178068946}
  m_Enabled: 1
  m_EditorHideFlags: 0
  m_Script: {fileID: 11500000, guid: 5d02d9822eec54c98afe95bb497211b3, type: 3}
  m_Name: 
  m_EditorClassIdentifier: 
  m_Key: 114804933211486962_db2c02d83835163469231f755d131d40
  m_ItemId: -1
  m_ParentFlowchartItem: {fileID: 0}
  m_TemplateVariable: {fileID: 0}
  m_VariableName: ClueTextExists
  m_Scope: 1
  m_Localize: 0
  m_VariableIndex: 11
  m_Value: 0
--- !u!114 &114895232268369758
MonoBehaviour:
  m_ObjectHideFlags: 0
  m_CorrespondingSourceObject: {fileID: 0}
  m_PrefabInstance: {fileID: 0}
  m_PrefabAsset: {fileID: 0}
  m_GameObject: {fileID: 1617485178068946}
  m_Enabled: 1
  m_EditorHideFlags: 0
  m_Script: {fileID: 11500000, guid: 3315ad2ebb85443909a1203d56d9344e, type: 3}
  m_Name: 
  m_EditorClassIdentifier: 
  m_Key: 114895232268369758_db2c02d83835163469231f755d131d40
  m_ItemId: 854
  m_ParentFlowchartItem: {fileID: 114563482631089284}
  m_WaitUntilFinished:
    m_VariableDataType: 0
    m_Variable: {fileID: 0}
    m_Command: {fileID: 0}
    m_Localize: 0
    m_DataVal: 0
  m_IndentLevel: 0
  m_CommandIndex: 3
  m_Duration:
    m_VariableDataType: 0
    m_Variable: {fileID: 0}
    m_Command: {fileID: 0}
    m_Localize: 0
    m_DataVal: 0.1
--- !u!114 &114737244057948224
MonoBehaviour:
  m_ObjectHideFlags: 0
  m_CorrespondingSourceObject: {fileID: 0}
  m_PrefabInstance: {fileID: 0}
  m_PrefabAsset: {fileID: 0}
  m_GameObject: {fileID: 1617485178068946}
  m_Enabled: 1
  m_EditorHideFlags: 0
  m_Script: {fileID: 11500000, guid: 5d02d9822eec54c98afe95bb497211b3, type: 3}
  m_Name: 
  m_EditorClassIdentifier: 
  m_Key: 114737244057948224_db2c02d83835163469231f755d131d40
  m_ItemId: -1
  m_ParentFlowchartItem: {fileID: 0}
  m_TemplateVariable: {fileID: 0}
  m_VariableName: HideSubmitButton
  m_Scope: 1
  m_Localize: 0
  m_VariableIndex: 12
  m_Value: 0
