%YAML 1.1
%TAG !u! tag:unity3d.com,2011:
--- !u!1 &1000012572828428
GameObject:
  m_ObjectHideFlags: 0
  m_CorrespondingSourceObject: {fileID: 0}
  m_PrefabInstance: {fileID: 0}
  m_PrefabAsset: {fileID: 0}
  serializedVersion: 6
  m_Component:
  - component: {fileID: 4000011514688250}
  - component: {fileID: 114000010463775260}
  - component: {fileID: 114000013297944892}
  - component: {fileID: 114000011471956374}
  - component: {fileID: 114000012020850538}
  - component: {fileID: 114000013453403608}
  - component: {fileID: 114000013812346354}
  - component: {fileID: 114000012774209610}
  - component: {fileID: 114000011525884822}
  - component: {fileID: 114000011655984422}
  - component: {fileID: 114000013478074202}
  - component: {fileID: 114000014276367052}
  - component: {fileID: 114000013132239192}
  - component: {fileID: 114000014069233328}
  - component: {fileID: 114000012921662090}
  - component: {fileID: 114000010048404684}
  - component: {fileID: 114000011670960950}
  - component: {fileID: 114000011655244018}
  - component: {fileID: 114000013470825676}
  - component: {fileID: 114000010301247900}
  - component: {fileID: 114000013114451430}
  - component: {fileID: 114000012227690592}
  - component: {fileID: 114000012488136076}
  - component: {fileID: 114000011971263042}
  - component: {fileID: 114000013560003220}
  - component: {fileID: 114000010541928010}
  - component: {fileID: 114000010584820398}
  - component: {fileID: 114000012026852482}
  - component: {fileID: 114000010550653426}
  - component: {fileID: 114000013379200364}
  - component: {fileID: 114000011029261674}
  - component: {fileID: 114307314848993766}
  - component: {fileID: 114765599953391664}
  - component: {fileID: 114297999141237658}
  - component: {fileID: 114634134011431822}
  - component: {fileID: 114870005168977552}
  - component: {fileID: 114577548390208780}
  - component: {fileID: 114033316259635498}
  - component: {fileID: 114061312004391404}
  - component: {fileID: 114871583131988636}
  - component: {fileID: 114283299761600742}
  - component: {fileID: 114103761712108504}
  - component: {fileID: 114022578615119482}
  - component: {fileID: 114370328624443776}
  - component: {fileID: 114027558757135116}
  - component: {fileID: 114751073845756264}
  - component: {fileID: 114237419085628814}
  - component: {fileID: 114613431493247032}
  - component: {fileID: 114148475324459888}
  - component: {fileID: 114592980296609938}
  - component: {fileID: 114740059519923778}
  - component: {fileID: 114858084806149542}
  - component: {fileID: 114084879292696118}
  - component: {fileID: 114184451047267564}
  - component: {fileID: 114883180571691342}
  - component: {fileID: 114402775406603434}
  - component: {fileID: 114662074538124450}
  - component: {fileID: 114107344431205836}
  - component: {fileID: 114372469267893934}
  - component: {fileID: 114888022530188234}
  - component: {fileID: 114190561636486616}
  - component: {fileID: 114002786010834278}
  - component: {fileID: 114871280791539024}
  - component: {fileID: 114423791272687382}
  - component: {fileID: 114748182874167544}
  - component: {fileID: 114609417216305684}
  - component: {fileID: 114835424678149324}
  - component: {fileID: 114750670849905612}
  - component: {fileID: 114312377998892842}
  m_Layer: 0
  m_Name: Side Case Manager
  m_TagString: Untagged
  m_Icon: {fileID: 0}
  m_NavMeshLayer: 0
  m_StaticEditorFlags: 0
  m_IsActive: 1
--- !u!4 &4000011514688250
Transform:
  m_ObjectHideFlags: 0
  m_CorrespondingSourceObject: {fileID: 0}
  m_PrefabInstance: {fileID: 0}
  m_PrefabAsset: {fileID: 0}
  m_GameObject: {fileID: 1000012572828428}
  m_LocalRotation: {x: -0, y: -0, z: -0, w: 1}
  m_LocalPosition: {x: 0, y: 0, z: 0}
  m_LocalScale: {x: 1, y: 1, z: 1}
  m_Children: []
  m_Father: {fileID: 0}
  m_RootOrder: 0
  m_LocalEulerAnglesHint: {x: 0, y: 0, z: 0}
--- !u!114 &114000010463775260
MonoBehaviour:
  m_ObjectHideFlags: 0
  m_CorrespondingSourceObject: {fileID: 0}
  m_PrefabInstance: {fileID: 0}
  m_PrefabAsset: {fileID: 0}
  m_GameObject: {fileID: 1000012572828428}
  m_Enabled: 1
  m_EditorHideFlags: 0
  m_Script: {fileID: 11500000, guid: 7a334fe2ffb574b3583ff3b18b4792d3, type: 3}
  m_Name: 
  m_EditorClassIdentifier: 
  m_Key: 114000010463775260_f487375d32d134a2a9270b6269cadefd
  m_Version: 1.0
  m_TemplateFlowchart: {fileID: 0}
  m_Description: 
  m_StepPause: 0
  m_PauseOnEnable: 0
  m_HideComponents: 1
  m_Logging: 0
  m_NodePosition: {x: -110, y: -400}
  m_Blocks:
  - {fileID: 114000013297944892}
  - {fileID: 114000011471956374}
  - {fileID: 114000012020850538}
  - {fileID: 114000013453403608}
  - {fileID: 114000013812346354}
  - {fileID: 114000012774209610}
  - {fileID: 114000011525884822}
  - {fileID: 114000012026852482}
  - {fileID: 114000010550653426}
  - {fileID: 114000013379200364}
  - {fileID: 114297999141237658}
  - {fileID: 114577548390208780}
  m_Variables:
  - {fileID: 114033316259635498}
  - {fileID: 114592980296609938}
  - {fileID: 114061312004391404}
  - {fileID: 114148475324459888}
--- !u!114 &114000013297944892
MonoBehaviour:
  m_ObjectHideFlags: 0
  m_CorrespondingSourceObject: {fileID: 0}
  m_PrefabInstance: {fileID: 0}
  m_PrefabAsset: {fileID: 0}
  m_GameObject: {fileID: 1000012572828428}
  m_Enabled: 1
  m_EditorHideFlags: 0
  m_Script: {fileID: 11500000, guid: 3d3d73aef2cfc4f51abf34ac00241f60, type: 3}
  m_Name: 
  m_EditorClassIdentifier: 
  m_Key: 114000013297944892_f487375d32d134a2a9270b6269cadefd
  m_ItemId: 0
  m_ParentFlowchartItem: {fileID: 0}
  m_TemplateBlock: {fileID: 0}
  m_NodePosition: {x: -210, y: -170}
  m_BlockName: CASE ACCEPTED
  m_Scope: 2
  m_Description: 
  m_Parameters: []
  m_ReturnTypeName: 
  m_EventHandler: {fileID: 0}
  m_Commands:
  - {fileID: 114000014276367052}
  - {fileID: 114000013132239192}
  - {fileID: 114000012488136076}
--- !u!114 &114000011471956374
MonoBehaviour:
  m_ObjectHideFlags: 0
  m_CorrespondingSourceObject: {fileID: 0}
  m_PrefabInstance: {fileID: 0}
  m_PrefabAsset: {fileID: 0}
  m_GameObject: {fileID: 1000012572828428}
  m_Enabled: 1
  m_EditorHideFlags: 0
  m_Script: {fileID: 11500000, guid: 3d3d73aef2cfc4f51abf34ac00241f60, type: 3}
  m_Name: 
  m_EditorClassIdentifier: 
  m_Key: 114000011471956374_f487375d32d134a2a9270b6269cadefd
  m_ItemId: 604
  m_ParentFlowchartItem: {fileID: 0}
  m_TemplateBlock: {fileID: 0}
  m_NodePosition: {x: -50, y: -170}
  m_BlockName: CASE REJECTED
  m_Scope: 2
  m_Description: 
  m_Parameters: []
  m_ReturnTypeName: 
  m_EventHandler: {fileID: 0}
  m_Commands: []
--- !u!114 &114000012020850538
MonoBehaviour:
  m_ObjectHideFlags: 0
  m_CorrespondingSourceObject: {fileID: 0}
  m_PrefabInstance: {fileID: 0}
  m_PrefabAsset: {fileID: 0}
  m_GameObject: {fileID: 1000012572828428}
  m_Enabled: 1
  m_EditorHideFlags: 0
  m_Script: {fileID: 11500000, guid: 3d3d73aef2cfc4f51abf34ac00241f60, type: 3}
  m_Name: 
  m_EditorClassIdentifier: 
  m_Key: 114000012020850538_f487375d32d134a2a9270b6269cadefd
  m_ItemId: 647
  m_ParentFlowchartItem: {fileID: 0}
  m_TemplateBlock: {fileID: 0}
  m_NodePosition: {x: -220, y: -70}
  m_BlockName: START PUZZLE
  m_Scope: 2
  m_Description: 
  m_Parameters: []
  m_ReturnTypeName: 
  m_EventHandler: {fileID: 0}
  m_Commands:
  - {fileID: 114000011655244018}
  - {fileID: 114000013470825676}
  - {fileID: 114283299761600742}
  - {fileID: 114871583131988636}
  - {fileID: 114000012227690592}
--- !u!114 &114000013453403608
MonoBehaviour:
  m_ObjectHideFlags: 0
  m_CorrespondingSourceObject: {fileID: 0}
  m_PrefabInstance: {fileID: 0}
  m_PrefabAsset: {fileID: 0}
  m_GameObject: {fileID: 1000012572828428}
  m_Enabled: 1
  m_EditorHideFlags: 0
  m_Script: {fileID: 11500000, guid: 3d3d73aef2cfc4f51abf34ac00241f60, type: 3}
  m_Name: 
  m_EditorClassIdentifier: 
  m_Key: 114000013453403608_f487375d32d134a2a9270b6269cadefd
  m_ItemId: 770
  m_ParentFlowchartItem: {fileID: 0}
  m_TemplateBlock: {fileID: 0}
  m_NodePosition: {x: -200, y: 200}
  m_BlockName: CASE SOLVED
  m_Scope: 2
  m_Description: 
  m_Parameters: []
  m_ReturnTypeName: 
  m_EventHandler: {fileID: 0}
  m_Commands:
  - {fileID: 114000014069233328}
  - {fileID: 114000012921662090}
  - {fileID: 114000011971263042}
  - {fileID: 114002786010834278}
  - {fileID: 114423791272687382}
  - {fileID: 114000011655984422}
--- !u!114 &114000013812346354
MonoBehaviour:
  m_ObjectHideFlags: 0
  m_CorrespondingSourceObject: {fileID: 0}
  m_PrefabInstance: {fileID: 0}
  m_PrefabAsset: {fileID: 0}
  m_GameObject: {fileID: 1000012572828428}
  m_Enabled: 1
  m_EditorHideFlags: 0
  m_Script: {fileID: 11500000, guid: 3d3d73aef2cfc4f51abf34ac00241f60, type: 3}
  m_Name: 
  m_EditorClassIdentifier: 
  m_Key: 114000013812346354_f487375d32d134a2a9270b6269cadefd
  m_ItemId: 772
  m_ParentFlowchartItem: {fileID: 0}
  m_TemplateBlock: {fileID: 0}
  m_NodePosition: {x: -330, y: 70}
  m_BlockName: PUZZLE SOLVED
  m_Scope: 2
  m_Description: 
  m_Parameters: []
  m_ReturnTypeName: 
  m_EventHandler: {fileID: 0}
  m_Commands:
  - {fileID: 114751073845756264}
  - {fileID: 114000010301247900}
  - {fileID: 114750670849905612}
  - {fileID: 114000010541928010}
--- !u!114 &114000012774209610
MonoBehaviour:
  m_ObjectHideFlags: 0
  m_CorrespondingSourceObject: {fileID: 0}
  m_PrefabInstance: {fileID: 0}
  m_PrefabAsset: {fileID: 0}
  m_GameObject: {fileID: 1000012572828428}
  m_Enabled: 1
  m_EditorHideFlags: 0
  m_Script: {fileID: 11500000, guid: 3d3d73aef2cfc4f51abf34ac00241f60, type: 3}
  m_Name: 
  m_EditorClassIdentifier: 
  m_Key: 114000012774209610_f487375d32d134a2a9270b6269cadefd
  m_ItemId: 774
  m_ParentFlowchartItem: {fileID: 0}
  m_TemplateBlock: {fileID: 0}
  m_NodePosition: {x: 70, y: 70}
  m_BlockName: PUZZLE FAILED
  m_Scope: 2
  m_Description: 
  m_Parameters: []
  m_ReturnTypeName: 
  m_EventHandler: {fileID: 0}
  m_Commands:
  - {fileID: 114237419085628814}
  - {fileID: 114000013114451430}
  - {fileID: 114835424678149324}
  - {fileID: 114000010584820398}
--- !u!114 &114000011525884822
MonoBehaviour:
  m_ObjectHideFlags: 0
  m_CorrespondingSourceObject: {fileID: 0}
  m_PrefabInstance: {fileID: 0}
  m_PrefabAsset: {fileID: 0}
  m_GameObject: {fileID: 1000012572828428}
  m_Enabled: 1
  m_EditorHideFlags: 0
  m_Script: {fileID: 11500000, guid: 3d3d73aef2cfc4f51abf34ac00241f60, type: 3}
  m_Name: 
  m_EditorClassIdentifier: 
  m_Key: 114000011525884822_f487375d32d134a2a9270b6269cadefd
  m_ItemId: 775
  m_ParentFlowchartItem: {fileID: 0}
  m_TemplateBlock: {fileID: 0}
  m_NodePosition: {x: -40, y: 200}
  m_BlockName: CASE FAILED
  m_Scope: 2
  m_Description: 
  m_Parameters: []
  m_ReturnTypeName: 
  m_EventHandler: {fileID: 0}
  m_Commands:
  - {fileID: 114000010048404684}
  - {fileID: 114000011670960950}
  - {fileID: 114000013560003220}
  - {fileID: 114871280791539024}
  - {fileID: 114748182874167544}
  - {fileID: 114000013478074202}
--- !u!114 &114000011655984422
MonoBehaviour:
  m_ObjectHideFlags: 0
  m_CorrespondingSourceObject: {fileID: 0}
  m_PrefabInstance: {fileID: 0}
  m_PrefabAsset: {fileID: 0}
  m_GameObject: {fileID: 1000012572828428}
  m_Enabled: 1
  m_EditorHideFlags: 0
  m_Script: {fileID: 11500000, guid: 207aecf668a0345388087ccf522f9957, type: 3}
  m_Name: 
  m_EditorClassIdentifier: 
  m_Key: 114000011655984422_f487375d32d134a2a9270b6269cadefd
  m_ItemId: 980
  m_ParentFlowchartItem: {fileID: 114000013453403608}
  m_WaitUntilFinished:
    m_VariableDataType: 0
    m_Variable: {fileID: 0}
    m_Command: {fileID: 0}
    m_Localize: 0
    m_DataVal: 1
  m_IndentLevel: 0
  m_CommandIndex: 5
  m_FadeColor:
    m_VariableDataType: 0
    m_Variable: {fileID: 0}
    m_Command: {fileID: 0}
    m_Localize: 0
    m_DataVal: {r: 0, g: 0, b: 0, a: 1}
  m_SortingOrder:
    m_VariableDataType: 0
    m_Variable: {fileID: 0}
    m_Command: {fileID: 0}
    m_Localize: 0
    m_DataVal: 100
  m_Duration:
    m_VariableDataType: 0
    m_Variable: {fileID: 0}
    m_Command: {fileID: 0}
    m_Localize: 0
    m_DataVal: 1
--- !u!114 &114000013478074202
MonoBehaviour:
  m_ObjectHideFlags: 0
  m_CorrespondingSourceObject: {fileID: 0}
  m_PrefabInstance: {fileID: 0}
  m_PrefabAsset: {fileID: 0}
  m_GameObject: {fileID: 1000012572828428}
  m_Enabled: 1
  m_EditorHideFlags: 0
  m_Script: {fileID: 11500000, guid: 207aecf668a0345388087ccf522f9957, type: 3}
  m_Name: 
  m_EditorClassIdentifier: 
  m_Key: 114000013478074202_f487375d32d134a2a9270b6269cadefd
  m_ItemId: 982
  m_ParentFlowchartItem: {fileID: 114000011525884822}
  m_WaitUntilFinished:
    m_VariableDataType: 0
    m_Variable: {fileID: 0}
    m_Command: {fileID: 0}
    m_Localize: 0
    m_DataVal: 1
  m_IndentLevel: 0
  m_CommandIndex: 5
  m_FadeColor:
    m_VariableDataType: 0
    m_Variable: {fileID: 0}
    m_Command: {fileID: 0}
    m_Localize: 0
    m_DataVal: {r: 0, g: 0, b: 0, a: 1}
  m_SortingOrder:
    m_VariableDataType: 0
    m_Variable: {fileID: 0}
    m_Command: {fileID: 0}
    m_Localize: 0
    m_DataVal: 100
  m_Duration:
    m_VariableDataType: 0
    m_Variable: {fileID: 0}
    m_Command: {fileID: 0}
    m_Localize: 0
    m_DataVal: 1
--- !u!114 &114000014276367052
MonoBehaviour:
  m_ObjectHideFlags: 0
  m_CorrespondingSourceObject: {fileID: 0}
  m_PrefabInstance: {fileID: 0}
  m_PrefabAsset: {fileID: 0}
  m_GameObject: {fileID: 1000012572828428}
  m_Enabled: 1
  m_EditorHideFlags: 0
  m_Script: {fileID: 11500000, guid: 835ff7b3f16d8b447a89689f45c7cfcd, type: 3}
  m_Name: 
  m_EditorClassIdentifier: 
  m_Key: 114000014276367052_f487375d32d134a2a9270b6269cadefd
  m_ItemId: 984
  m_ParentFlowchartItem: {fileID: 114000013297944892}
  m_WaitUntilFinished:
    m_VariableDataType: 0
    m_Variable: {fileID: 0}
    m_Command: {fileID: 0}
    m_Localize: 0
    m_DataVal: 1
  m_IndentLevel: 0
  m_CommandIndex: 0
  m_Flowchart:
    m_VariableDataType: 0
    m_Variable: {fileID: 0}
    m_Command: {fileID: 0}
    m_Localize: 0
    m_DataVal: {fileID: 114000012175035474, guid: 80b1106d5362c47adb4d881003e5caf8,
      type: 3}
  m_ActivateInstantly:
    m_VariableDataType: 0
    m_Variable: {fileID: 0}
    m_Command: {fileID: 0}
    m_Localize: 0
    m_DataVal: 0
  m_Description: 
--- !u!114 &114000013132239192
MonoBehaviour:
  m_ObjectHideFlags: 0
  m_CorrespondingSourceObject: {fileID: 0}
  m_PrefabInstance: {fileID: 0}
  m_PrefabAsset: {fileID: 0}
  m_GameObject: {fileID: 1000012572828428}
  m_Enabled: 1
  m_EditorHideFlags: 0
  m_Script: {fileID: 11500000, guid: 050fb9e6e72f442b3b883da8a965bdeb, type: 3}
  m_Name: 
  m_EditorClassIdentifier: 
  m_Key: 114000013132239192_f487375d32d134a2a9270b6269cadefd
  m_ItemId: 985
  m_ParentFlowchartItem: {fileID: 114000013297944892}
  m_WaitUntilFinished:
    m_VariableDataType: 0
    m_Variable: {fileID: 0}
    m_Command: {fileID: 0}
    m_Localize: 0
    m_DataVal: 0
  m_IndentLevel: 0
  m_CommandIndex: 1
  m_TargetBlock:
    m_VariableDataType: 0
    m_Variable: {fileID: 0}
    m_Command: {fileID: 0}
    m_Localize: 0
    m_DataVal: {fileID: 114000013601739770, guid: 80b1106d5362c47adb4d881003e5caf8,
      type: 3}
  m_CallMode:
    m_VariableDataType: 0
    m_Variable: {fileID: 0}
    m_Command: {fileID: 0}
    m_Localize: 0
    m_DataVal: 1
  m_Parameters: []
  m_ReturnVariable: {fileID: 0}
  m_Description: 
--- !u!114 &114000014069233328
MonoBehaviour:
  m_ObjectHideFlags: 0
  m_CorrespondingSourceObject: {fileID: 0}
  m_PrefabInstance: {fileID: 0}
  m_PrefabAsset: {fileID: 0}
  m_GameObject: {fileID: 1000012572828428}
  m_Enabled: 1
  m_EditorHideFlags: 0
  m_Script: {fileID: 11500000, guid: 835ff7b3f16d8b447a89689f45c7cfcd, type: 3}
  m_Name: 
  m_EditorClassIdentifier: 
  m_Key: 114000014069233328_f487375d32d134a2a9270b6269cadefd
  m_ItemId: 986
  m_ParentFlowchartItem: {fileID: 114000013453403608}
  m_WaitUntilFinished:
    m_VariableDataType: 0
    m_Variable: {fileID: 0}
    m_Command: {fileID: 0}
    m_Localize: 0
    m_DataVal: 1
  m_IndentLevel: 0
  m_CommandIndex: 0
  m_Flowchart:
    m_VariableDataType: 0
    m_Variable: {fileID: 0}
    m_Command: {fileID: 0}
    m_Localize: 0
    m_DataVal: {fileID: 114000012175035474, guid: 80b1106d5362c47adb4d881003e5caf8,
      type: 3}
  m_ActivateInstantly:
    m_VariableDataType: 0
    m_Variable: {fileID: 0}
    m_Command: {fileID: 0}
    m_Localize: 0
    m_DataVal: 0
  m_Description: 
--- !u!114 &114000012921662090
MonoBehaviour:
  m_ObjectHideFlags: 0
  m_CorrespondingSourceObject: {fileID: 0}
  m_PrefabInstance: {fileID: 0}
  m_PrefabAsset: {fileID: 0}
  m_GameObject: {fileID: 1000012572828428}
  m_Enabled: 1
  m_EditorHideFlags: 0
  m_Script: {fileID: 11500000, guid: 050fb9e6e72f442b3b883da8a965bdeb, type: 3}
  m_Name: 
  m_EditorClassIdentifier: 
  m_Key: 114000012921662090_f487375d32d134a2a9270b6269cadefd
  m_ItemId: 987
  m_ParentFlowchartItem: {fileID: 114000013453403608}
  m_WaitUntilFinished:
    m_VariableDataType: 0
    m_Variable: {fileID: 0}
    m_Command: {fileID: 0}
    m_Localize: 0
    m_DataVal: 0
  m_IndentLevel: 0
  m_CommandIndex: 1
  m_TargetBlock:
    m_VariableDataType: 0
    m_Variable: {fileID: 0}
    m_Command: {fileID: 0}
    m_Localize: 0
    m_DataVal: {fileID: 114000012419636462, guid: 80b1106d5362c47adb4d881003e5caf8,
      type: 3}
  m_CallMode:
    m_VariableDataType: 0
    m_Variable: {fileID: 0}
    m_Command: {fileID: 0}
    m_Localize: 0
    m_DataVal: 1
  m_Parameters: []
  m_ReturnVariable: {fileID: 0}
  m_Description: 
--- !u!114 &114000010048404684
MonoBehaviour:
  m_ObjectHideFlags: 0
  m_CorrespondingSourceObject: {fileID: 0}
  m_PrefabInstance: {fileID: 0}
  m_PrefabAsset: {fileID: 0}
  m_GameObject: {fileID: 1000012572828428}
  m_Enabled: 1
  m_EditorHideFlags: 0
  m_Script: {fileID: 11500000, guid: 835ff7b3f16d8b447a89689f45c7cfcd, type: 3}
  m_Name: 
  m_EditorClassIdentifier: 
  m_Key: 114000010048404684_f487375d32d134a2a9270b6269cadefd
  m_ItemId: 988
  m_ParentFlowchartItem: {fileID: 114000011525884822}
  m_WaitUntilFinished:
    m_VariableDataType: 0
    m_Variable: {fileID: 0}
    m_Command: {fileID: 0}
    m_Localize: 0
    m_DataVal: 1
  m_IndentLevel: 0
  m_CommandIndex: 0
  m_Flowchart:
    m_VariableDataType: 0
    m_Variable: {fileID: 0}
    m_Command: {fileID: 0}
    m_Localize: 0
    m_DataVal: {fileID: 114000012175035474, guid: 80b1106d5362c47adb4d881003e5caf8,
      type: 3}
  m_ActivateInstantly:
    m_VariableDataType: 0
    m_Variable: {fileID: 0}
    m_Command: {fileID: 0}
    m_Localize: 0
    m_DataVal: 0
  m_Description: 
--- !u!114 &114000011670960950
MonoBehaviour:
  m_ObjectHideFlags: 0
  m_CorrespondingSourceObject: {fileID: 0}
  m_PrefabInstance: {fileID: 0}
  m_PrefabAsset: {fileID: 0}
  m_GameObject: {fileID: 1000012572828428}
  m_Enabled: 1
  m_EditorHideFlags: 0
  m_Script: {fileID: 11500000, guid: 050fb9e6e72f442b3b883da8a965bdeb, type: 3}
  m_Name: 
  m_EditorClassIdentifier: 
  m_Key: 114000011670960950_f487375d32d134a2a9270b6269cadefd
  m_ItemId: 989
  m_ParentFlowchartItem: {fileID: 114000011525884822}
  m_WaitUntilFinished:
    m_VariableDataType: 0
    m_Variable: {fileID: 0}
    m_Command: {fileID: 0}
    m_Localize: 0
    m_DataVal: 0
  m_IndentLevel: 0
  m_CommandIndex: 1
  m_TargetBlock:
    m_VariableDataType: 0
    m_Variable: {fileID: 0}
    m_Command: {fileID: 0}
    m_Localize: 0
    m_DataVal: {fileID: 114000012373391424, guid: 80b1106d5362c47adb4d881003e5caf8,
      type: 3}
  m_CallMode:
    m_VariableDataType: 0
    m_Variable: {fileID: 0}
    m_Command: {fileID: 0}
    m_Localize: 0
    m_DataVal: 1
  m_Parameters: []
  m_ReturnVariable: {fileID: 0}
  m_Description: 
--- !u!114 &114000011655244018
MonoBehaviour:
  m_ObjectHideFlags: 0
  m_CorrespondingSourceObject: {fileID: 0}
  m_PrefabInstance: {fileID: 0}
  m_PrefabAsset: {fileID: 0}
  m_GameObject: {fileID: 1000012572828428}
  m_Enabled: 1
  m_EditorHideFlags: 0
  m_Script: {fileID: 11500000, guid: 835ff7b3f16d8b447a89689f45c7cfcd, type: 3}
  m_Name: 
  m_EditorClassIdentifier: 
  m_Key: 114000011655244018_f487375d32d134a2a9270b6269cadefd
  m_ItemId: 990
  m_ParentFlowchartItem: {fileID: 114000012020850538}
  m_WaitUntilFinished:
    m_VariableDataType: 0
    m_Variable: {fileID: 0}
    m_Command: {fileID: 0}
    m_Localize: 0
    m_DataVal: 1
  m_IndentLevel: 0
  m_CommandIndex: 0
  m_Flowchart:
    m_VariableDataType: 0
    m_Variable: {fileID: 0}
    m_Command: {fileID: 0}
    m_Localize: 0
    m_DataVal: {fileID: 114000014191207068, guid: 0f32f98e481e94901b61688189d90e52,
      type: 3}
  m_ActivateInstantly:
    m_VariableDataType: 0
    m_Variable: {fileID: 0}
    m_Command: {fileID: 0}
    m_Localize: 0
    m_DataVal: 0
  m_Description: 
--- !u!114 &114000013470825676
MonoBehaviour:
  m_ObjectHideFlags: 0
  m_CorrespondingSourceObject: {fileID: 0}
  m_PrefabInstance: {fileID: 0}
  m_PrefabAsset: {fileID: 0}
  m_GameObject: {fileID: 1000012572828428}
  m_Enabled: 1
  m_EditorHideFlags: 0
  m_Script: {fileID: 11500000, guid: 050fb9e6e72f442b3b883da8a965bdeb, type: 3}
  m_Name: 
  m_EditorClassIdentifier: 
  m_Key: 114000013470825676_f487375d32d134a2a9270b6269cadefd
  m_ItemId: 991
  m_ParentFlowchartItem: {fileID: 114000012020850538}
  m_WaitUntilFinished:
    m_VariableDataType: 0
    m_Variable: {fileID: 0}
    m_Command: {fileID: 0}
    m_Localize: 0
    m_DataVal: 0
  m_IndentLevel: 0
  m_CommandIndex: 1
  m_TargetBlock:
    m_VariableDataType: 0
    m_Variable: {fileID: 0}
    m_Command: {fileID: 0}
    m_Localize: 0
    m_DataVal: {fileID: 114000010791544910, guid: 0f32f98e481e94901b61688189d90e52,
      type: 3}
  m_CallMode:
    m_VariableDataType: 0
    m_Variable: {fileID: 0}
    m_Command: {fileID: 0}
    m_Localize: 0
    m_DataVal: 1
  m_Parameters: []
  m_ReturnVariable: {fileID: 0}
  m_Description: 
--- !u!114 &114000010301247900
MonoBehaviour:
  m_ObjectHideFlags: 0
  m_CorrespondingSourceObject: {fileID: 0}
  m_PrefabInstance: {fileID: 0}
  m_PrefabAsset: {fileID: 0}
  m_GameObject: {fileID: 1000012572828428}
  m_Enabled: 1
  m_EditorHideFlags: 0
  m_Script: {fileID: 11500000, guid: 050fb9e6e72f442b3b883da8a965bdeb, type: 3}
  m_Name: 
  m_EditorClassIdentifier: 
  m_Key: 114000010301247900_f487375d32d134a2a9270b6269cadefd
  m_ItemId: 993
  m_ParentFlowchartItem: {fileID: 114000013812346354}
  m_WaitUntilFinished:
    m_VariableDataType: 0
    m_Variable: {fileID: 0}
    m_Command: {fileID: 0}
    m_Localize: 0
    m_DataVal: 0
  m_IndentLevel: 0
  m_CommandIndex: 1
  m_TargetBlock:
    m_VariableDataType: 0
    m_Variable: {fileID: 0}
    m_Command: {fileID: 0}
    m_Localize: 0
    m_DataVal: {fileID: 114000012301975088, guid: 0f32f98e481e94901b61688189d90e52,
      type: 3}
  m_CallMode:
    m_VariableDataType: 0
    m_Variable: {fileID: 0}
    m_Command: {fileID: 0}
    m_Localize: 0
    m_DataVal: 1
  m_Parameters: []
  m_ReturnVariable: {fileID: 0}
  m_Description: 
--- !u!114 &114000013114451430
MonoBehaviour:
  m_ObjectHideFlags: 0
  m_CorrespondingSourceObject: {fileID: 0}
  m_PrefabInstance: {fileID: 0}
  m_PrefabAsset: {fileID: 0}
  m_GameObject: {fileID: 1000012572828428}
  m_Enabled: 1
  m_EditorHideFlags: 0
  m_Script: {fileID: 11500000, guid: 050fb9e6e72f442b3b883da8a965bdeb, type: 3}
  m_Name: 
  m_EditorClassIdentifier: 
  m_Key: 114000013114451430_f487375d32d134a2a9270b6269cadefd
  m_ItemId: 995
  m_ParentFlowchartItem: {fileID: 114000012774209610}
  m_WaitUntilFinished:
    m_VariableDataType: 0
    m_Variable: {fileID: 0}
    m_Command: {fileID: 0}
    m_Localize: 0
    m_DataVal: 0
  m_IndentLevel: 0
  m_CommandIndex: 1
  m_TargetBlock:
    m_VariableDataType: 0
    m_Variable: {fileID: 0}
    m_Command: {fileID: 0}
    m_Localize: 0
    m_DataVal: {fileID: 114000012003059394, guid: 0f32f98e481e94901b61688189d90e52,
      type: 3}
  m_CallMode:
    m_VariableDataType: 0
    m_Variable: {fileID: 0}
    m_Command: {fileID: 0}
    m_Localize: 0
    m_DataVal: 1
  m_Parameters: []
  m_ReturnVariable: {fileID: 0}
  m_Description: 
--- !u!114 &114000012227690592
MonoBehaviour:
  m_ObjectHideFlags: 0
  m_CorrespondingSourceObject: {fileID: 0}
  m_PrefabInstance: {fileID: 0}
  m_PrefabAsset: {fileID: 0}
  m_GameObject: {fileID: 1000012572828428}
  m_Enabled: 1
  m_EditorHideFlags: 0
  m_Script: {fileID: 11500000, guid: 515cfec620b9c6946a30a52a65731b69, type: 3}
  m_Name: 
  m_EditorClassIdentifier: 
  m_Key: 114000012227690592_f487375d32d134a2a9270b6269cadefd
  m_ItemId: 1062
  m_ParentFlowchartItem: {fileID: 114000012020850538}
  m_WaitUntilFinished:
    m_VariableDataType: 0
    m_Variable: {fileID: 0}
    m_Command: {fileID: 0}
    m_Localize: 0
    m_DataVal: 1
  m_IndentLevel: 0
  m_CommandIndex: 4
  m_Flowchart:
    m_VariableDataType: 0
    m_Variable: {fileID: 0}
    m_Command: {fileID: 0}
    m_Localize: 0
    m_DataVal: {fileID: 114000014191207068, guid: 0f32f98e481e94901b61688189d90e52,
      type: 3}
  m_DeactivateInstantly:
    m_VariableDataType: 0
    m_Variable: {fileID: 0}
    m_Command: {fileID: 0}
    m_Localize: 0
    m_DataVal: 0
  m_Description: 
--- !u!114 &114000012488136076
MonoBehaviour:
  m_ObjectHideFlags: 0
  m_CorrespondingSourceObject: {fileID: 0}
  m_PrefabInstance: {fileID: 0}
  m_PrefabAsset: {fileID: 0}
  m_GameObject: {fileID: 1000012572828428}
  m_Enabled: 1
  m_EditorHideFlags: 0
  m_Script: {fileID: 11500000, guid: 515cfec620b9c6946a30a52a65731b69, type: 3}
  m_Name: 
  m_EditorClassIdentifier: 
  m_Key: 114000012488136076_f487375d32d134a2a9270b6269cadefd
  m_ItemId: 1093
  m_ParentFlowchartItem: {fileID: 114000013297944892}
  m_WaitUntilFinished:
    m_VariableDataType: 0
    m_Variable: {fileID: 0}
    m_Command: {fileID: 0}
    m_Localize: 0
    m_DataVal: 1
  m_IndentLevel: 0
  m_CommandIndex: 2
  m_Flowchart:
    m_VariableDataType: 0
    m_Variable: {fileID: 0}
    m_Command: {fileID: 0}
    m_Localize: 0
    m_DataVal: {fileID: 114000012175035474, guid: 80b1106d5362c47adb4d881003e5caf8,
      type: 3}
  m_DeactivateInstantly:
    m_VariableDataType: 0
    m_Variable: {fileID: 0}
    m_Command: {fileID: 0}
    m_Localize: 0
    m_DataVal: 0
  m_Description: 
--- !u!114 &114000011971263042
MonoBehaviour:
  m_ObjectHideFlags: 0
  m_CorrespondingSourceObject: {fileID: 0}
  m_PrefabInstance: {fileID: 0}
  m_PrefabAsset: {fileID: 0}
  m_GameObject: {fileID: 1000012572828428}
  m_Enabled: 1
  m_EditorHideFlags: 0
  m_Script: {fileID: 11500000, guid: 515cfec620b9c6946a30a52a65731b69, type: 3}
  m_Name: 
  m_EditorClassIdentifier: 
  m_Key: 114000011971263042_f487375d32d134a2a9270b6269cadefd
  m_ItemId: 1096
  m_ParentFlowchartItem: {fileID: 114000013453403608}
  m_WaitUntilFinished:
    m_VariableDataType: 0
    m_Variable: {fileID: 0}
    m_Command: {fileID: 0}
    m_Localize: 0
    m_DataVal: 1
  m_IndentLevel: 0
  m_CommandIndex: 2
  m_Flowchart:
    m_VariableDataType: 0
    m_Variable: {fileID: 0}
    m_Command: {fileID: 0}
    m_Localize: 0
    m_DataVal: {fileID: 114000012175035474, guid: 80b1106d5362c47adb4d881003e5caf8,
      type: 3}
  m_DeactivateInstantly:
    m_VariableDataType: 0
    m_Variable: {fileID: 0}
    m_Command: {fileID: 0}
    m_Localize: 0
    m_DataVal: 0
  m_Description: 
--- !u!114 &114000013560003220
MonoBehaviour:
  m_ObjectHideFlags: 0
  m_CorrespondingSourceObject: {fileID: 0}
  m_PrefabInstance: {fileID: 0}
  m_PrefabAsset: {fileID: 0}
  m_GameObject: {fileID: 1000012572828428}
  m_Enabled: 1
  m_EditorHideFlags: 0
  m_Script: {fileID: 11500000, guid: 515cfec620b9c6946a30a52a65731b69, type: 3}
  m_Name: 
  m_EditorClassIdentifier: 
  m_Key: 114000013560003220_f487375d32d134a2a9270b6269cadefd
  m_ItemId: 1097
  m_ParentFlowchartItem: {fileID: 114000011525884822}
  m_WaitUntilFinished:
    m_VariableDataType: 0
    m_Variable: {fileID: 0}
    m_Command: {fileID: 0}
    m_Localize: 0
    m_DataVal: 1
  m_IndentLevel: 0
  m_CommandIndex: 2
  m_Flowchart:
    m_VariableDataType: 0
    m_Variable: {fileID: 0}
    m_Command: {fileID: 0}
    m_Localize: 0
    m_DataVal: {fileID: 114000012175035474, guid: 80b1106d5362c47adb4d881003e5caf8,
      type: 3}
  m_DeactivateInstantly:
    m_VariableDataType: 0
    m_Variable: {fileID: 0}
    m_Command: {fileID: 0}
    m_Localize: 0
    m_DataVal: 0
  m_Description: 
--- !u!114 &114000010541928010
MonoBehaviour:
  m_ObjectHideFlags: 0
  m_CorrespondingSourceObject: {fileID: 0}
  m_PrefabInstance: {fileID: 0}
  m_PrefabAsset: {fileID: 0}
  m_GameObject: {fileID: 1000012572828428}
  m_Enabled: 1
  m_EditorHideFlags: 0
  m_Script: {fileID: 11500000, guid: 515cfec620b9c6946a30a52a65731b69, type: 3}
  m_Name: 
  m_EditorClassIdentifier: 
  m_Key: 114000010541928010_f487375d32d134a2a9270b6269cadefd
  m_ItemId: 1098
  m_ParentFlowchartItem: {fileID: 114000013812346354}
  m_WaitUntilFinished:
    m_VariableDataType: 0
    m_Variable: {fileID: 0}
    m_Command: {fileID: 0}
    m_Localize: 0
    m_DataVal: 1
  m_IndentLevel: 0
  m_CommandIndex: 3
  m_Flowchart:
    m_VariableDataType: 0
    m_Variable: {fileID: 0}
    m_Command: {fileID: 0}
    m_Localize: 0
    m_DataVal: {fileID: 114000014191207068, guid: 0f32f98e481e94901b61688189d90e52,
      type: 3}
  m_DeactivateInstantly:
    m_VariableDataType: 0
    m_Variable: {fileID: 0}
    m_Command: {fileID: 0}
    m_Localize: 0
    m_DataVal: 0
  m_Description: 
--- !u!114 &114000010584820398
MonoBehaviour:
  m_ObjectHideFlags: 0
  m_CorrespondingSourceObject: {fileID: 0}
  m_PrefabInstance: {fileID: 0}
  m_PrefabAsset: {fileID: 0}
  m_GameObject: {fileID: 1000012572828428}
  m_Enabled: 1
  m_EditorHideFlags: 0
  m_Script: {fileID: 11500000, guid: 515cfec620b9c6946a30a52a65731b69, type: 3}
  m_Name: 
  m_EditorClassIdentifier: 
  m_Key: 114000010584820398_f487375d32d134a2a9270b6269cadefd
  m_ItemId: 1099
  m_ParentFlowchartItem: {fileID: 114000012774209610}
  m_WaitUntilFinished:
    m_VariableDataType: 0
    m_Variable: {fileID: 0}
    m_Command: {fileID: 0}
    m_Localize: 0
    m_DataVal: 1
  m_IndentLevel: 0
  m_CommandIndex: 3
  m_Flowchart:
    m_VariableDataType: 0
    m_Variable: {fileID: 0}
    m_Command: {fileID: 0}
    m_Localize: 0
    m_DataVal: {fileID: 114000014191207068, guid: 0f32f98e481e94901b61688189d90e52,
      type: 3}
  m_DeactivateInstantly:
    m_VariableDataType: 0
    m_Variable: {fileID: 0}
    m_Command: {fileID: 0}
    m_Localize: 0
    m_DataVal: 0
  m_Description: 
--- !u!114 &114000012026852482
MonoBehaviour:
  m_ObjectHideFlags: 0
  m_CorrespondingSourceObject: {fileID: 0}
  m_PrefabInstance: {fileID: 0}
  m_PrefabAsset: {fileID: 0}
  m_GameObject: {fileID: 1000012572828428}
  m_Enabled: 1
  m_EditorHideFlags: 0
  m_Script: {fileID: 11500000, guid: 3d3d73aef2cfc4f51abf34ac00241f60, type: 3}
  m_Name: 
  m_EditorClassIdentifier: 
  m_Key: 114000012026852482_f487375d32d134a2a9270b6269cadefd
  m_ItemId: 1100
  m_ParentFlowchartItem: {fileID: 0}
  m_TemplateBlock: {fileID: 0}
  m_NodePosition: {x: -130, y: -370}
  m_BlockName: CUTSCENE SETUP
  m_Scope: 2
  m_Description: 
  m_Parameters: []
  m_ReturnTypeName: 
  m_EventHandler: {fileID: 0}
  m_Commands:
  - {fileID: 114000011029261674}
--- !u!114 &114000010550653426
MonoBehaviour:
  m_ObjectHideFlags: 0
  m_CorrespondingSourceObject: {fileID: 0}
  m_PrefabInstance: {fileID: 0}
  m_PrefabAsset: {fileID: 0}
  m_GameObject: {fileID: 1000012572828428}
  m_Enabled: 1
  m_EditorHideFlags: 0
  m_Script: {fileID: 11500000, guid: 3d3d73aef2cfc4f51abf34ac00241f60, type: 3}
  m_Name: 
  m_EditorClassIdentifier: 
  m_Key: 114000010550653426_f487375d32d134a2a9270b6269cadefd
  m_ItemId: 1101
  m_ParentFlowchartItem: {fileID: 0}
  m_TemplateBlock: {fileID: 0}
  m_NodePosition: {x: -140, y: -300}
  m_BlockName: SIDE CASE INFO SETUP
  m_Scope: 2
  m_Description: 
  m_Parameters: []
  m_ReturnTypeName: 
  m_EventHandler: {fileID: 0}
  m_Commands:
  - {fileID: 114084879292696118}
  - {fileID: 114184451047267564}
  - {fileID: 114883180571691342}
  - {fileID: 114402775406603434}
  - {fileID: 114662074538124450}
  - {fileID: 114107344431205836}
  - {fileID: 114372469267893934}
  - {fileID: 114888022530188234}
  - {fileID: 114190561636486616}
  - {fileID: 114312377998892842}
  - {fileID: 114740059519923778}
--- !u!114 &114000013379200364
MonoBehaviour:
  m_ObjectHideFlags: 0
  m_CorrespondingSourceObject: {fileID: 0}
  m_PrefabInstance: {fileID: 0}
  m_PrefabAsset: {fileID: 0}
  m_GameObject: {fileID: 1000012572828428}
  m_Enabled: 1
  m_EditorHideFlags: 0
  m_Script: {fileID: 11500000, guid: 3d3d73aef2cfc4f51abf34ac00241f60, type: 3}
  m_Name: 
  m_EditorClassIdentifier: 
  m_Key: 114000013379200364_f487375d32d134a2a9270b6269cadefd
  m_ItemId: 1102
  m_ParentFlowchartItem: {fileID: 0}
  m_TemplateBlock: {fileID: 0}
  m_NodePosition: {x: -130, y: -240}
  m_BlockName: PUZZLE SETUP
  m_Scope: 2
  m_Description: 
  m_Parameters: []
  m_ReturnTypeName: 
  m_EventHandler: {fileID: 0}
  m_Commands:
  - {fileID: 114870005168977552}
  - {fileID: 114307314848993766}
  - {fileID: 114765599953391664}
--- !u!114 &114000011029261674
MonoBehaviour:
  m_ObjectHideFlags: 0
  m_CorrespondingSourceObject: {fileID: 0}
  m_PrefabInstance: {fileID: 0}
  m_PrefabAsset: {fileID: 0}
  m_GameObject: {fileID: 1000012572828428}
  m_Enabled: 1
  m_EditorHideFlags: 0
  m_Script: {fileID: 11500000, guid: 050fb9e6e72f442b3b883da8a965bdeb, type: 3}
  m_Name: 
  m_EditorClassIdentifier: 
  m_Key: 114000011029261674_f487375d32d134a2a9270b6269cadefd
  m_ItemId: 1103
  m_ParentFlowchartItem: {fileID: 114000012026852482}
  m_WaitUntilFinished:
    m_VariableDataType: 0
    m_Variable: {fileID: 0}
    m_Command: {fileID: 0}
    m_Localize: 0
    m_DataVal: 0
  m_IndentLevel: 0
  m_CommandIndex: 0
  m_TargetBlock:
    m_VariableDataType: 0
    m_Variable: {fileID: 0}
    m_Command: {fileID: 0}
    m_Localize: 0
    m_DataVal: {fileID: 11431088, guid: 20aecb0f38dde6c4b84c9b1500596aa2, type: 3}
  m_CallMode:
    m_VariableDataType: 0
    m_Variable: {fileID: 0}
    m_Command: {fileID: 0}
    m_Localize: 0
    m_DataVal: 0
  m_Parameters: []
  m_ReturnVariable: {fileID: 0}
  m_Description: 
--- !u!114 &114307314848993766
MonoBehaviour:
  m_ObjectHideFlags: 0
  m_CorrespondingSourceObject: {fileID: 0}
  m_PrefabInstance: {fileID: 0}
  m_PrefabAsset: {fileID: 0}
  m_GameObject: {fileID: 1000012572828428}
  m_Enabled: 1
  m_EditorHideFlags: 0
  m_Script: {fileID: 11500000, guid: 835ff7b3f16d8b447a89689f45c7cfcd, type: 3}
  m_Name: 
  m_EditorClassIdentifier: 
  m_Key: 114307314848993766_f487375d32d134a2a9270b6269cadefd
  m_ItemId: 1114
  m_ParentFlowchartItem: {fileID: 114000013379200364}
  m_WaitUntilFinished:
    m_VariableDataType: 0
    m_Variable: {fileID: 0}
    m_Command: {fileID: 0}
    m_Localize: 0
    m_DataVal: 1
  m_IndentLevel: 0
  m_CommandIndex: 1
  m_Flowchart:
    m_VariableDataType: 0
    m_Variable: {fileID: 0}
    m_Command: {fileID: 0}
    m_Localize: 0
    m_DataVal: {fileID: 11435440, guid: 6695f451c17655c45aa64b6cae0264d7, type: 3}
  m_ActivateInstantly:
    m_VariableDataType: 0
    m_Variable: {fileID: 0}
    m_Command: {fileID: 0}
    m_Localize: 0
    m_DataVal: 0
  m_Description: 
--- !u!114 &114765599953391664
MonoBehaviour:
  m_ObjectHideFlags: 0
  m_CorrespondingSourceObject: {fileID: 0}
  m_PrefabInstance: {fileID: 0}
  m_PrefabAsset: {fileID: 0}
  m_GameObject: {fileID: 1000012572828428}
  m_Enabled: 1
  m_EditorHideFlags: 0
  m_Script: {fileID: 11500000, guid: 050fb9e6e72f442b3b883da8a965bdeb, type: 3}
  m_Name: 
  m_EditorClassIdentifier: 
  m_Key: 114765599953391664_f487375d32d134a2a9270b6269cadefd
  m_ItemId: 1115
  m_ParentFlowchartItem: {fileID: 114000013379200364}
  m_WaitUntilFinished:
    m_VariableDataType: 0
    m_Variable: {fileID: 0}
    m_Command: {fileID: 0}
    m_Localize: 0
    m_DataVal: 0
  m_IndentLevel: 0
  m_CommandIndex: 2
  m_TargetBlock:
    m_VariableDataType: 0
    m_Variable: {fileID: 0}
    m_Command: {fileID: 0}
    m_Localize: 0
    m_DataVal: {fileID: 11484194, guid: 20aecb0f38dde6c4b84c9b1500596aa2, type: 3}
  m_CallMode:
    m_VariableDataType: 0
    m_Variable: {fileID: 0}
    m_Command: {fileID: 0}
    m_Localize: 0
    m_DataVal: 1
  m_Parameters: []
  m_ReturnVariable: {fileID: 0}
  m_Description: 
--- !u!114 &114297999141237658
MonoBehaviour:
  m_ObjectHideFlags: 0
  m_CorrespondingSourceObject: {fileID: 0}
  m_PrefabInstance: {fileID: 0}
  m_PrefabAsset: {fileID: 0}
  m_GameObject: {fileID: 1000012572828428}
  m_Enabled: 1
  m_EditorHideFlags: 0
  m_Script: {fileID: 11500000, guid: 3d3d73aef2cfc4f51abf34ac00241f60, type: 3}
  m_Name: 
  m_EditorClassIdentifier: 
  m_Key: 114297999141237658_f487375d32d134a2a9270b6269cadefd
  m_ItemId: 1116
  m_ParentFlowchartItem: {fileID: 0}
  m_TemplateBlock: {fileID: 0}
  m_NodePosition: {x: -30, y: -70}
  m_BlockName: PUZZLE FADE IN
  m_Scope: 2
  m_Description: 
  m_Parameters: []
  m_ReturnTypeName: 
  m_EventHandler: {fileID: 0}
  m_Commands:
  - {fileID: 114634134011431822}
--- !u!114 &114634134011431822
MonoBehaviour:
  m_ObjectHideFlags: 0
  m_CorrespondingSourceObject: {fileID: 0}
  m_PrefabInstance: {fileID: 0}
  m_PrefabAsset: {fileID: 0}
  m_GameObject: {fileID: 1000012572828428}
  m_Enabled: 1
  m_EditorHideFlags: 0
  m_Script: {fileID: 11500000, guid: 207aecf668a0345388087ccf522f9957, type: 3}
  m_Name: 
  m_EditorClassIdentifier: 
  m_Key: 114634134011431822_f487375d32d134a2a9270b6269cadefd
  m_ItemId: 1117
  m_ParentFlowchartItem: {fileID: 114297999141237658}
  m_WaitUntilFinished:
    m_VariableDataType: 0
    m_Variable: {fileID: 0}
    m_Command: {fileID: 0}
    m_Localize: 0
    m_DataVal: 1
  m_IndentLevel: 0
  m_CommandIndex: 0
  m_FadeColor:
    m_VariableDataType: 0
    m_Variable: {fileID: 0}
    m_Command: {fileID: 0}
    m_Localize: 0
    m_DataVal: {r: 0, g: 0, b: 0, a: 0}
  m_SortingOrder:
    m_VariableDataType: 0
    m_Variable: {fileID: 0}
    m_Command: {fileID: 0}
    m_Localize: 0
    m_DataVal: 100
  m_Duration:
    m_VariableDataType: 0
    m_Variable: {fileID: 0}
    m_Command: {fileID: 0}
    m_Localize: 0
    m_DataVal: 1
--- !u!114 &114870005168977552
MonoBehaviour:
  m_ObjectHideFlags: 0
  m_CorrespondingSourceObject: {fileID: 0}
  m_PrefabInstance: {fileID: 0}
  m_PrefabAsset: {fileID: 0}
  m_GameObject: {fileID: 1000012572828428}
  m_Enabled: 1
  m_EditorHideFlags: 0
  m_Script: {fileID: 11500000, guid: 207aecf668a0345388087ccf522f9957, type: 3}
  m_Name: 
  m_EditorClassIdentifier: 
  m_Key: 114870005168977552_f487375d32d134a2a9270b6269cadefd
  m_ItemId: 1118
  m_ParentFlowchartItem: {fileID: 114000013379200364}
  m_WaitUntilFinished:
    m_VariableDataType: 0
    m_Variable: {fileID: 0}
    m_Command: {fileID: 0}
    m_Localize: 0
    m_DataVal: 1
  m_IndentLevel: 0
  m_CommandIndex: 0
  m_FadeColor:
    m_VariableDataType: 0
    m_Variable: {fileID: 0}
    m_Command: {fileID: 0}
    m_Localize: 0
    m_DataVal: {r: 0, g: 0, b: 0, a: 1}
  m_SortingOrder:
    m_VariableDataType: 0
    m_Variable: {fileID: 0}
    m_Command: {fileID: 0}
    m_Localize: 0
    m_DataVal: 100
  m_Duration:
    m_VariableDataType: 0
    m_Variable: {fileID: 0}
    m_Command: {fileID: 0}
    m_Localize: 0
    m_DataVal: 0
--- !u!114 &114577548390208780
MonoBehaviour:
  m_ObjectHideFlags: 0
  m_CorrespondingSourceObject: {fileID: 0}
  m_PrefabInstance: {fileID: 0}
  m_PrefabAsset: {fileID: 0}
  m_GameObject: {fileID: 1000012572828428}
  m_Enabled: 1
  m_EditorHideFlags: 0
  m_Script: {fileID: 11500000, guid: 3d3d73aef2cfc4f51abf34ac00241f60, type: 3}
  m_Name: 
  m_EditorClassIdentifier: 
  m_Key: 114577548390208780_f487375d32d134a2a9270b6269cadefd
  m_ItemId: 1119
  m_ParentFlowchartItem: {fileID: 0}
  m_TemplateBlock: {fileID: 0}
  m_NodePosition: {x: -130, y: 70}
  m_BlockName: PUZZLE COMPLETE
  m_Scope: 2
  m_Description: 
  m_Parameters: []
  m_ReturnTypeName: 
  m_EventHandler: {fileID: 0}
  m_Commands:
  - {fileID: 114103761712108504}
  - {fileID: 114613431493247032}
  - {fileID: 114022578615119482}
  - {fileID: 114370328624443776}
  - {fileID: 114609417216305684}
  - {fileID: 114027558757135116}
--- !u!114 &114033316259635498
MonoBehaviour:
  m_ObjectHideFlags: 0
  m_CorrespondingSourceObject: {fileID: 0}
  m_PrefabInstance: {fileID: 0}
  m_PrefabAsset: {fileID: 0}
  m_GameObject: {fileID: 1000012572828428}
  m_Enabled: 1
  m_EditorHideFlags: 0
  m_Script: {fileID: 11500000, guid: c025397cef947fa4092ac7d21f0d7537, type: 3}
  m_Name: 
  m_EditorClassIdentifier: 
  m_Key: 114033316259635498_f487375d32d134a2a9270b6269cadefd
  m_ItemId: -1
  m_ParentFlowchartItem: {fileID: 114283299761600742}
  m_TemplateVariable: {fileID: 0}
  m_VariableName: CUTSCENE_FLOWCHART
  m_Scope: 2
  m_Localize: 0
  m_VariableIndex: 0
  m_Value: {fileID: 0}
--- !u!114 &114061312004391404
MonoBehaviour:
  m_ObjectHideFlags: 0
  m_CorrespondingSourceObject: {fileID: 0}
  m_PrefabInstance: {fileID: 0}
  m_PrefabAsset: {fileID: 0}
  m_GameObject: {fileID: 1000012572828428}
  m_Enabled: 1
  m_EditorHideFlags: 0
  m_Script: {fileID: 11500000, guid: c025397cef947fa4092ac7d21f0d7537, type: 3}
  m_Name: 
  m_EditorClassIdentifier: 
  m_Key: 114061312004391404_f487375d32d134a2a9270b6269cadefd
  m_ItemId: -1
  m_ParentFlowchartItem: {fileID: 114871583131988636}
  m_TemplateVariable: {fileID: 0}
  m_VariableName: PUZZLE_FLOWCHART
  m_Scope: 2
  m_Localize: 0
  m_VariableIndex: 2
  m_Value: {fileID: 0}
--- !u!114 &114871583131988636
MonoBehaviour:
  m_ObjectHideFlags: 0
  m_CorrespondingSourceObject: {fileID: 0}
  m_PrefabInstance: {fileID: 0}
  m_PrefabAsset: {fileID: 0}
  m_GameObject: {fileID: 1000012572828428}
  m_Enabled: 1
  m_EditorHideFlags: 0
  m_Script: {fileID: 11500000, guid: 835ff7b3f16d8b447a89689f45c7cfcd, type: 3}
  m_Name: 
  m_EditorClassIdentifier: 
  m_Key: 114871583131988636_f487375d32d134a2a9270b6269cadefd
  m_ItemId: 1120
  m_ParentFlowchartItem: {fileID: 114000012020850538}
  m_WaitUntilFinished:
    m_VariableDataType: 0
    m_Variable: {fileID: 0}
    m_Command: {fileID: 0}
    m_Localize: 0
    m_DataVal: 1
  m_IndentLevel: 0
  m_CommandIndex: 3
  m_Flowchart:
    m_VariableDataType: 1
    m_Variable: {fileID: 114061312004391404}
    m_Command: {fileID: 0}
    m_Localize: 0
    m_DataVal: {fileID: 0}
  m_ActivateInstantly:
    m_VariableDataType: 0
    m_Variable: {fileID: 0}
    m_Command: {fileID: 0}
    m_Localize: 0
    m_DataVal: 0
  m_Description: 
--- !u!114 &114283299761600742
MonoBehaviour:
  m_ObjectHideFlags: 0
  m_CorrespondingSourceObject: {fileID: 0}
  m_PrefabInstance: {fileID: 0}
  m_PrefabAsset: {fileID: 0}
  m_GameObject: {fileID: 1000012572828428}
  m_Enabled: 1
  m_EditorHideFlags: 0
  m_Script: {fileID: 11500000, guid: 515cfec620b9c6946a30a52a65731b69, type: 3}
  m_Name: 
  m_EditorClassIdentifier: 
  m_Key: 114283299761600742_f487375d32d134a2a9270b6269cadefd
  m_ItemId: 1121
  m_ParentFlowchartItem: {fileID: 114000012020850538}
  m_WaitUntilFinished:
    m_VariableDataType: 0
    m_Variable: {fileID: 0}
    m_Command: {fileID: 0}
    m_Localize: 0
    m_DataVal: 1
  m_IndentLevel: 0
  m_CommandIndex: 2
  m_Flowchart:
    m_VariableDataType: 1
    m_Variable: {fileID: 114033316259635498}
    m_Command: {fileID: 0}
    m_Localize: 0
    m_DataVal: {fileID: 0}
  m_DeactivateInstantly:
    m_VariableDataType: 0
    m_Variable: {fileID: 0}
    m_Command: {fileID: 0}
    m_Localize: 0
    m_DataVal: 0
  m_Description: 
--- !u!114 &114103761712108504
MonoBehaviour:
  m_ObjectHideFlags: 0
  m_CorrespondingSourceObject: {fileID: 0}
  m_PrefabInstance: {fileID: 0}
  m_PrefabAsset: {fileID: 0}
  m_GameObject: {fileID: 1000012572828428}
  m_Enabled: 1
  m_EditorHideFlags: 0
  m_Script: {fileID: 11500000, guid: 207aecf668a0345388087ccf522f9957, type: 3}
  m_Name: 
  m_EditorClassIdentifier: 
  m_Key: 114103761712108504_f487375d32d134a2a9270b6269cadefd
  m_ItemId: 1125
  m_ParentFlowchartItem: {fileID: 114577548390208780}
  m_WaitUntilFinished:
    m_VariableDataType: 0
    m_Variable: {fileID: 0}
    m_Command: {fileID: 0}
    m_Localize: 0
    m_DataVal: 1
  m_IndentLevel: 0
  m_CommandIndex: 0
  m_FadeColor:
    m_VariableDataType: 0
    m_Variable: {fileID: 0}
    m_Command: {fileID: 0}
    m_Localize: 0
    m_DataVal: {r: 0, g: 0, b: 0, a: 1}
  m_SortingOrder:
    m_VariableDataType: 0
    m_Variable: {fileID: 0}
    m_Command: {fileID: 0}
    m_Localize: 0
    m_DataVal: 100
  m_Duration:
    m_VariableDataType: 0
    m_Variable: {fileID: 0}
    m_Command: {fileID: 0}
    m_Localize: 0
    m_DataVal: 1
--- !u!114 &114022578615119482
MonoBehaviour:
  m_ObjectHideFlags: 0
  m_CorrespondingSourceObject: {fileID: 0}
  m_PrefabInstance: {fileID: 0}
  m_PrefabAsset: {fileID: 0}
  m_GameObject: {fileID: 1000012572828428}
  m_Enabled: 1
  m_EditorHideFlags: 0
  m_Script: {fileID: 11500000, guid: 515cfec620b9c6946a30a52a65731b69, type: 3}
  m_Name: 
  m_EditorClassIdentifier: 
  m_Key: 114022578615119482_f487375d32d134a2a9270b6269cadefd
  m_ItemId: 1126
  m_ParentFlowchartItem: {fileID: 114577548390208780}
  m_WaitUntilFinished:
    m_VariableDataType: 0
    m_Variable: {fileID: 0}
    m_Command: {fileID: 0}
    m_Localize: 0
    m_DataVal: 1
  m_IndentLevel: 0
  m_CommandIndex: 2
  m_Flowchart:
    m_VariableDataType: 1
    m_Variable: {fileID: 114061312004391404}
    m_Command: {fileID: 0}
    m_Localize: 0
    m_DataVal: {fileID: 0}
  m_DeactivateInstantly:
    m_VariableDataType: 0
    m_Variable: {fileID: 0}
    m_Command: {fileID: 0}
    m_Localize: 0
    m_DataVal: 0
  m_Description: 
--- !u!114 &114370328624443776
MonoBehaviour:
  m_ObjectHideFlags: 0
  m_CorrespondingSourceObject: {fileID: 0}
  m_PrefabInstance: {fileID: 0}
  m_PrefabAsset: {fileID: 0}
  m_GameObject: {fileID: 1000012572828428}
  m_Enabled: 1
  m_EditorHideFlags: 0
  m_Script: {fileID: 11500000, guid: 835ff7b3f16d8b447a89689f45c7cfcd, type: 3}
  m_Name: 
  m_EditorClassIdentifier: 
  m_Key: 114370328624443776_f487375d32d134a2a9270b6269cadefd
  m_ItemId: 1127
  m_ParentFlowchartItem: {fileID: 114577548390208780}
  m_WaitUntilFinished:
    m_VariableDataType: 0
    m_Variable: {fileID: 0}
    m_Command: {fileID: 0}
    m_Localize: 0
    m_DataVal: 1
  m_IndentLevel: 0
  m_CommandIndex: 3
  m_Flowchart:
    m_VariableDataType: 1
    m_Variable: {fileID: 114033316259635498}
    m_Command: {fileID: 0}
    m_Localize: 0
    m_DataVal: {fileID: 0}
  m_ActivateInstantly:
    m_VariableDataType: 0
    m_Variable: {fileID: 0}
    m_Command: {fileID: 0}
    m_Localize: 0
    m_DataVal: 0
  m_Description: 
--- !u!114 &114027558757135116
MonoBehaviour:
  m_ObjectHideFlags: 0
  m_CorrespondingSourceObject: {fileID: 0}
  m_PrefabInstance: {fileID: 0}
  m_PrefabAsset: {fileID: 0}
  m_GameObject: {fileID: 1000012572828428}
  m_Enabled: 1
  m_EditorHideFlags: 0
  m_Script: {fileID: 11500000, guid: 835ff7b3f16d8b447a89689f45c7cfcd, type: 3}
  m_Name: 
  m_EditorClassIdentifier: 
  m_Key: 114027558757135116_f487375d32d134a2a9270b6269cadefd
  m_ItemId: 1128
  m_ParentFlowchartItem: {fileID: 114577548390208780}
  m_WaitUntilFinished:
    m_VariableDataType: 0
    m_Variable: {fileID: 0}
    m_Command: {fileID: 0}
    m_Localize: 0
    m_DataVal: 1
  m_IndentLevel: 0
  m_CommandIndex: 5
  m_Flowchart:
    m_VariableDataType: 0
    m_Variable: {fileID: 0}
    m_Command: {fileID: 0}
    m_Localize: 0
    m_DataVal: {fileID: 114000014191207068, guid: 0f32f98e481e94901b61688189d90e52,
      type: 3}
  m_ActivateInstantly:
    m_VariableDataType: 0
    m_Variable: {fileID: 0}
    m_Command: {fileID: 0}
    m_Localize: 0
    m_DataVal: 0
  m_Description: 
--- !u!114 &114751073845756264
MonoBehaviour:
  m_ObjectHideFlags: 0
  m_CorrespondingSourceObject: {fileID: 0}
  m_PrefabInstance: {fileID: 0}
  m_PrefabAsset: {fileID: 0}
  m_GameObject: {fileID: 1000012572828428}
  m_Enabled: 1
  m_EditorHideFlags: 0
  m_Script: {fileID: 11500000, guid: 050fb9e6e72f442b3b883da8a965bdeb, type: 3}
  m_Name: 
  m_EditorClassIdentifier: 
  m_Key: 114751073845756264_f487375d32d134a2a9270b6269cadefd
  m_ItemId: 1129
  m_ParentFlowchartItem: {fileID: 114000013812346354}
  m_WaitUntilFinished:
    m_VariableDataType: 0
    m_Variable: {fileID: 0}
    m_Command: {fileID: 0}
    m_Localize: 0
    m_DataVal: 0
  m_IndentLevel: 0
  m_CommandIndex: 0
  m_TargetBlock:
    m_VariableDataType: 0
    m_Variable: {fileID: 0}
    m_Command: {fileID: 0}
    m_Localize: 0
    m_DataVal: {fileID: 114577548390208780}
  m_CallMode:
    m_VariableDataType: 0
    m_Variable: {fileID: 0}
    m_Command: {fileID: 0}
    m_Localize: 0
    m_DataVal: 1
  m_Parameters: []
  m_ReturnVariable: {fileID: 0}
  m_Description: 
--- !u!114 &114237419085628814
MonoBehaviour:
  m_ObjectHideFlags: 0
  m_CorrespondingSourceObject: {fileID: 0}
  m_PrefabInstance: {fileID: 0}
  m_PrefabAsset: {fileID: 0}
  m_GameObject: {fileID: 1000012572828428}
  m_Enabled: 1
  m_EditorHideFlags: 0
  m_Script: {fileID: 11500000, guid: 050fb9e6e72f442b3b883da8a965bdeb, type: 3}
  m_Name: 
  m_EditorClassIdentifier: 
  m_Key: 114237419085628814_f487375d32d134a2a9270b6269cadefd
  m_ItemId: 1130
  m_ParentFlowchartItem: {fileID: 114000012774209610}
  m_WaitUntilFinished:
    m_VariableDataType: 0
    m_Variable: {fileID: 0}
    m_Command: {fileID: 0}
    m_Localize: 0
    m_DataVal: 0
  m_IndentLevel: 0
  m_CommandIndex: 0
  m_TargetBlock:
    m_VariableDataType: 0
    m_Variable: {fileID: 0}
    m_Command: {fileID: 0}
    m_Localize: 0
    m_DataVal: {fileID: 114577548390208780}
  m_CallMode:
    m_VariableDataType: 0
    m_Variable: {fileID: 0}
    m_Command: {fileID: 0}
    m_Localize: 0
    m_DataVal: 1
  m_Parameters: []
  m_ReturnVariable: {fileID: 0}
  m_Description: 
--- !u!114 &114613431493247032
MonoBehaviour:
  m_ObjectHideFlags: 0
  m_CorrespondingSourceObject: {fileID: 0}
  m_PrefabInstance: {fileID: 0}
  m_PrefabAsset: {fileID: 0}
  m_GameObject: {fileID: 1000012572828428}
  m_Enabled: 1
  m_EditorHideFlags: 0
  m_Script: {fileID: 11500000, guid: 515cfec620b9c6946a30a52a65731b69, type: 3}
  m_Name: 
  m_EditorClassIdentifier: 
  m_Key: 114613431493247032_f487375d32d134a2a9270b6269cadefd
  m_ItemId: 1131
  m_ParentFlowchartItem: {fileID: 114577548390208780}
  m_WaitUntilFinished:
    m_VariableDataType: 0
    m_Variable: {fileID: 0}
    m_Command: {fileID: 0}
    m_Localize: 0
    m_DataVal: 1
  m_IndentLevel: 0
  m_CommandIndex: 1
  m_Flowchart:
    m_VariableDataType: 0
    m_Variable: {fileID: 0}
    m_Command: {fileID: 0}
    m_Localize: 0
    m_DataVal: {fileID: 11435440, guid: 6695f451c17655c45aa64b6cae0264d7, type: 3}
  m_DeactivateInstantly:
    m_VariableDataType: 0
    m_Variable: {fileID: 0}
    m_Command: {fileID: 0}
    m_Localize: 0
    m_DataVal: 0
  m_Description: 
--- !u!114 &114148475324459888
MonoBehaviour:
  m_ObjectHideFlags: 0
  m_CorrespondingSourceObject: {fileID: 0}
  m_PrefabInstance: {fileID: 0}
  m_PrefabAsset: {fileID: 0}
  m_GameObject: {fileID: 1000012572828428}
  m_Enabled: 1
  m_EditorHideFlags: 0
  m_Script: {fileID: 11500000, guid: 4580f28dd8581476b810b38eea2f1316, type: 3}
  m_Name: 
  m_EditorClassIdentifier: 
  m_Key: 114148475324459888_f487375d32d134a2a9270b6269cadefd
  m_ItemId: -1
  m_ParentFlowchartItem: {fileID: 114609417216305684}
  m_TemplateVariable: {fileID: 0}
  m_VariableName: MESSAGE_PUZZLE_TO_CUTSCENE
  m_Scope: 2
  m_Localize: 0
  m_VariableIndex: 3
  m_Value: Puzzle to Cutscene
--- !u!114 &114592980296609938
MonoBehaviour:
  m_ObjectHideFlags: 0
  m_CorrespondingSourceObject: {fileID: 0}
  m_PrefabInstance: {fileID: 0}
  m_PrefabAsset: {fileID: 0}
  m_GameObject: {fileID: 1000012572828428}
  m_Enabled: 1
  m_EditorHideFlags: 0
  m_Script: {fileID: 11500000, guid: c025397cef947fa4092ac7d21f0d7537, type: 3}
  m_Name: 
  m_EditorClassIdentifier: 
  m_Key: 114592980296609938_f487375d32d134a2a9270b6269cadefd
  m_ItemId: -1
  m_ParentFlowchartItem: {fileID: 114084879292696118}
  m_TemplateVariable: {fileID: 0}
  m_VariableName: INFO_FLOWCHART
  m_Scope: 2
  m_Localize: 0
  m_VariableIndex: 1
  m_Value: {fileID: 0}
--- !u!114 &114740059519923778
MonoBehaviour:
  m_ObjectHideFlags: 0
  m_CorrespondingSourceObject: {fileID: 0}
  m_PrefabInstance: {fileID: 0}
  m_PrefabAsset: {fileID: 0}
  m_GameObject: {fileID: 1000012572828428}
  m_Enabled: 1
  m_EditorHideFlags: 0
  m_Script: {fileID: 11500000, guid: 4d186378215b62945b908f0989b85f6d, type: 3}
  m_Name: 
  m_EditorClassIdentifier: 
  m_Key: 114740059519923778_f487375d32d134a2a9270b6269cadefd
  m_ItemId: 1152
  m_ParentFlowchartItem: {fileID: 114000010550653426}
  m_WaitUntilFinished:
    m_VariableDataType: 0
    m_Variable: {fileID: 0}
    m_Command: {fileID: 0}
    m_Localize: 0
    m_DataVal: 0
  m_IndentLevel: 0
  m_CommandIndex: 10
  m_Character:
    m_VariableDataType: 2
    m_Variable: {fileID: 0}
    m_Command: {fileID: 114858084806149542}
    m_Localize: 0
    m_DataVal: {fileID: 0}
  m_ReturnVariable: {fileID: 114000011870331022, guid: 6695f451c17655c45aa64b6cae0264d7,
    type: 3}
--- !u!114 &114858084806149542
MonoBehaviour:
  m_ObjectHideFlags: 0
  m_CorrespondingSourceObject: {fileID: 0}
  m_PrefabInstance: {fileID: 0}
  m_PrefabAsset: {fileID: 0}
  m_GameObject: {fileID: 1000012572828428}
  m_Enabled: 1
  m_EditorHideFlags: 0
  m_Script: {fileID: 11500000, guid: 79625b28df582bb458788419c73b55f3, type: 3}
  m_Name: 
  m_EditorClassIdentifier: 
  m_Key: 114858084806149542_f487375d32d134a2a9270b6269cadefd
  m_ItemId: 1160
  m_ParentFlowchartItem: {fileID: 114740059519923778}
  m_WaitUntilFinished:
    m_VariableDataType: 0
    m_Variable: {fileID: 0}
    m_Command: {fileID: 0}
    m_Localize: 0
    m_DataVal: 0
  m_IndentLevel: 0
  m_CommandIndex: -1
  m_Flowchart:
    m_VariableDataType: 1
    m_Variable: {fileID: 114592980296609938}
    m_Command: {fileID: 0}
    m_Localize: 0
    m_DataVal: {fileID: 0}
  m_TemplateVariable: {fileID: 114690666865429184, guid: db2c02d83835163469231f755d131d40,
    type: 3}
  m_ReturnVariable: {fileID: 0}
--- !u!114 &114084879292696118
MonoBehaviour:
  m_ObjectHideFlags: 0
  m_CorrespondingSourceObject: {fileID: 0}
  m_PrefabInstance: {fileID: 0}
  m_PrefabAsset: {fileID: 0}
  m_GameObject: {fileID: 1000012572828428}
  m_Enabled: 1
  m_EditorHideFlags: 0
  m_Script: {fileID: 11500000, guid: 79625b28df582bb458788419c73b55f3, type: 3}
  m_Name: 
  m_EditorClassIdentifier: 
  m_Key: 114084879292696118_f487375d32d134a2a9270b6269cadefd
  m_ItemId: 1163
  m_ParentFlowchartItem: {fileID: 114000010550653426}
  m_WaitUntilFinished:
    m_VariableDataType: 0
    m_Variable: {fileID: 0}
    m_Command: {fileID: 0}
    m_Localize: 0
    m_DataVal: 0
  m_IndentLevel: 0
  m_CommandIndex: 0
  m_Flowchart:
    m_VariableDataType: 1
    m_Variable: {fileID: 114592980296609938}
    m_Command: {fileID: 0}
    m_Localize: 0
    m_DataVal: {fileID: 0}
  m_TemplateVariable: {fileID: 114928921277498676, guid: db2c02d83835163469231f755d131d40,
    type: 3}
  m_ReturnVariable: {fileID: 114000010693839766, guid: 6695f451c17655c45aa64b6cae0264d7,
    type: 3}
--- !u!114 &114184451047267564
MonoBehaviour:
  m_ObjectHideFlags: 0
  m_CorrespondingSourceObject: {fileID: 0}
  m_PrefabInstance: {fileID: 0}
  m_PrefabAsset: {fileID: 0}
  m_GameObject: {fileID: 1000012572828428}
  m_Enabled: 1
  m_EditorHideFlags: 0
  m_Script: {fileID: 11500000, guid: 79625b28df582bb458788419c73b55f3, type: 3}
  m_Name: 
  m_EditorClassIdentifier: 
  m_Key: 114184451047267564_f487375d32d134a2a9270b6269cadefd
  m_ItemId: 1164
  m_ParentFlowchartItem: {fileID: 114000010550653426}
  m_WaitUntilFinished:
    m_VariableDataType: 0
    m_Variable: {fileID: 0}
    m_Command: {fileID: 0}
    m_Localize: 0
    m_DataVal: 0
  m_IndentLevel: 0
  m_CommandIndex: 1
  m_Flowchart:
    m_VariableDataType: 1
    m_Variable: {fileID: 114592980296609938}
    m_Command: {fileID: 0}
    m_Localize: 0
    m_DataVal: {fileID: 0}
  m_TemplateVariable: {fileID: 114005069383828806, guid: db2c02d83835163469231f755d131d40,
    type: 3}
  m_ReturnVariable: {fileID: 114000013167926132, guid: 6695f451c17655c45aa64b6cae0264d7,
    type: 3}
--- !u!114 &114883180571691342
MonoBehaviour:
  m_ObjectHideFlags: 0
  m_CorrespondingSourceObject: {fileID: 0}
  m_PrefabInstance: {fileID: 0}
  m_PrefabAsset: {fileID: 0}
  m_GameObject: {fileID: 1000012572828428}
  m_Enabled: 1
  m_EditorHideFlags: 0
  m_Script: {fileID: 11500000, guid: 79625b28df582bb458788419c73b55f3, type: 3}
  m_Name: 
  m_EditorClassIdentifier: 
  m_Key: 114883180571691342_f487375d32d134a2a9270b6269cadefd
  m_ItemId: 1165
  m_ParentFlowchartItem: {fileID: 114000010550653426}
  m_WaitUntilFinished:
    m_VariableDataType: 0
    m_Variable: {fileID: 0}
    m_Command: {fileID: 0}
    m_Localize: 0
    m_DataVal: 0
  m_IndentLevel: 0
  m_CommandIndex: 2
  m_Flowchart:
    m_VariableDataType: 1
    m_Variable: {fileID: 114592980296609938}
    m_Command: {fileID: 0}
    m_Localize: 0
    m_DataVal: {fileID: 0}
  m_TemplateVariable: {fileID: 114804933211486962, guid: db2c02d83835163469231f755d131d40,
    type: 3}
  m_ReturnVariable: {fileID: 114577498418561774, guid: 6695f451c17655c45aa64b6cae0264d7,
    type: 3}
--- !u!114 &114402775406603434
MonoBehaviour:
  m_ObjectHideFlags: 0
  m_CorrespondingSourceObject: {fileID: 0}
  m_PrefabInstance: {fileID: 0}
  m_PrefabAsset: {fileID: 0}
  m_GameObject: {fileID: 1000012572828428}
  m_Enabled: 1
  m_EditorHideFlags: 0
  m_Script: {fileID: 11500000, guid: 79625b28df582bb458788419c73b55f3, type: 3}
  m_Name: 
  m_EditorClassIdentifier: 
  m_Key: 114402775406603434_f487375d32d134a2a9270b6269cadefd
  m_ItemId: 1166
  m_ParentFlowchartItem: {fileID: 114000010550653426}
  m_WaitUntilFinished:
    m_VariableDataType: 0
    m_Variable: {fileID: 0}
    m_Command: {fileID: 0}
    m_Localize: 0
    m_DataVal: 0
  m_IndentLevel: 0
  m_CommandIndex: 3
  m_Flowchart:
    m_VariableDataType: 1
    m_Variable: {fileID: 114592980296609938}
    m_Command: {fileID: 0}
    m_Localize: 0
    m_DataVal: {fileID: 0}
  m_TemplateVariable: {fileID: 114153081715480246, guid: db2c02d83835163469231f755d131d40,
    type: 3}
  m_ReturnVariable: {fileID: 114000011748233380, guid: 6695f451c17655c45aa64b6cae0264d7,
    type: 3}
--- !u!114 &114662074538124450
MonoBehaviour:
  m_ObjectHideFlags: 0
  m_CorrespondingSourceObject: {fileID: 0}
  m_PrefabInstance: {fileID: 0}
  m_PrefabAsset: {fileID: 0}
  m_GameObject: {fileID: 1000012572828428}
  m_Enabled: 1
  m_EditorHideFlags: 0
  m_Script: {fileID: 11500000, guid: 79625b28df582bb458788419c73b55f3, type: 3}
  m_Name: 
  m_EditorClassIdentifier: 
  m_Key: 114662074538124450_f487375d32d134a2a9270b6269cadefd
  m_ItemId: 1167
  m_ParentFlowchartItem: {fileID: 114000010550653426}
  m_WaitUntilFinished:
    m_VariableDataType: 0
    m_Variable: {fileID: 0}
    m_Command: {fileID: 0}
    m_Localize: 0
    m_DataVal: 0
  m_IndentLevel: 0
  m_CommandIndex: 4
  m_Flowchart:
    m_VariableDataType: 1
    m_Variable: {fileID: 114592980296609938}
    m_Command: {fileID: 0}
    m_Localize: 0
    m_DataVal: {fileID: 0}
  m_TemplateVariable: {fileID: 114443772155672314, guid: db2c02d83835163469231f755d131d40,
    type: 3}
  m_ReturnVariable: {fileID: 114000011349274158, guid: 6695f451c17655c45aa64b6cae0264d7,
    type: 3}
--- !u!114 &114107344431205836
MonoBehaviour:
  m_ObjectHideFlags: 0
  m_CorrespondingSourceObject: {fileID: 0}
  m_PrefabInstance: {fileID: 0}
  m_PrefabAsset: {fileID: 0}
  m_GameObject: {fileID: 1000012572828428}
  m_Enabled: 1
  m_EditorHideFlags: 0
  m_Script: {fileID: 11500000, guid: 79625b28df582bb458788419c73b55f3, type: 3}
  m_Name: 
  m_EditorClassIdentifier: 
  m_Key: 114107344431205836_f487375d32d134a2a9270b6269cadefd
  m_ItemId: 1168
  m_ParentFlowchartItem: {fileID: 114000010550653426}
  m_WaitUntilFinished:
    m_VariableDataType: 0
    m_Variable: {fileID: 0}
    m_Command: {fileID: 0}
    m_Localize: 0
    m_DataVal: 0
  m_IndentLevel: 0
  m_CommandIndex: 5
  m_Flowchart:
    m_VariableDataType: 1
    m_Variable: {fileID: 114592980296609938}
    m_Command: {fileID: 0}
    m_Localize: 0
    m_DataVal: {fileID: 0}
  m_TemplateVariable: {fileID: 114307907318782550, guid: db2c02d83835163469231f755d131d40,
    type: 3}
  m_ReturnVariable: {fileID: 114000012443983524, guid: 6695f451c17655c45aa64b6cae0264d7,
    type: 3}
--- !u!114 &114372469267893934
MonoBehaviour:
  m_ObjectHideFlags: 0
  m_CorrespondingSourceObject: {fileID: 0}
  m_PrefabInstance: {fileID: 0}
  m_PrefabAsset: {fileID: 0}
  m_GameObject: {fileID: 1000012572828428}
  m_Enabled: 1
  m_EditorHideFlags: 0
  m_Script: {fileID: 11500000, guid: 79625b28df582bb458788419c73b55f3, type: 3}
  m_Name: 
  m_EditorClassIdentifier: 
  m_Key: 114372469267893934_f487375d32d134a2a9270b6269cadefd
  m_ItemId: 1169
  m_ParentFlowchartItem: {fileID: 114000010550653426}
  m_WaitUntilFinished:
    m_VariableDataType: 0
    m_Variable: {fileID: 0}
    m_Command: {fileID: 0}
    m_Localize: 0
    m_DataVal: 0
  m_IndentLevel: 0
  m_CommandIndex: 6
  m_Flowchart:
    m_VariableDataType: 1
    m_Variable: {fileID: 114592980296609938}
    m_Command: {fileID: 0}
    m_Localize: 0
    m_DataVal: {fileID: 0}
  m_TemplateVariable: {fileID: 114500183902373958, guid: db2c02d83835163469231f755d131d40,
    type: 3}
  m_ReturnVariable: {fileID: 114000010319202846, guid: 6695f451c17655c45aa64b6cae0264d7,
    type: 3}
--- !u!114 &114888022530188234
MonoBehaviour:
  m_ObjectHideFlags: 0
  m_CorrespondingSourceObject: {fileID: 0}
  m_PrefabInstance: {fileID: 0}
  m_PrefabAsset: {fileID: 0}
  m_GameObject: {fileID: 1000012572828428}
  m_Enabled: 1
  m_EditorHideFlags: 0
  m_Script: {fileID: 11500000, guid: 79625b28df582bb458788419c73b55f3, type: 3}
  m_Name: 
  m_EditorClassIdentifier: 
  m_Key: 114888022530188234_f487375d32d134a2a9270b6269cadefd
  m_ItemId: 1170
  m_ParentFlowchartItem: {fileID: 114000010550653426}
  m_WaitUntilFinished:
    m_VariableDataType: 0
    m_Variable: {fileID: 0}
    m_Command: {fileID: 0}
    m_Localize: 0
    m_DataVal: 0
  m_IndentLevel: 0
  m_CommandIndex: 7
  m_Flowchart:
    m_VariableDataType: 1
    m_Variable: {fileID: 114592980296609938}
    m_Command: {fileID: 0}
    m_Localize: 0
    m_DataVal: {fileID: 0}
  m_TemplateVariable: {fileID: 114320644727737682, guid: db2c02d83835163469231f755d131d40,
    type: 3}
  m_ReturnVariable: {fileID: 114000010345959956, guid: 6695f451c17655c45aa64b6cae0264d7,
    type: 3}
--- !u!114 &114190561636486616
MonoBehaviour:
  m_ObjectHideFlags: 0
  m_CorrespondingSourceObject: {fileID: 0}
  m_PrefabInstance: {fileID: 0}
  m_PrefabAsset: {fileID: 0}
  m_GameObject: {fileID: 1000012572828428}
  m_Enabled: 1
  m_EditorHideFlags: 0
  m_Script: {fileID: 11500000, guid: 79625b28df582bb458788419c73b55f3, type: 3}
  m_Name: 
  m_EditorClassIdentifier: 
  m_Key: 114190561636486616_f487375d32d134a2a9270b6269cadefd
  m_ItemId: 1171
  m_ParentFlowchartItem: {fileID: 114000010550653426}
  m_WaitUntilFinished:
    m_VariableDataType: 0
    m_Variable: {fileID: 0}
    m_Command: {fileID: 0}
    m_Localize: 0
    m_DataVal: 0
  m_IndentLevel: 0
  m_CommandIndex: 8
  m_Flowchart:
    m_VariableDataType: 1
    m_Variable: {fileID: 114592980296609938}
    m_Command: {fileID: 0}
    m_Localize: 0
    m_DataVal: {fileID: 0}
  m_TemplateVariable: {fileID: 114320644727737682, guid: db2c02d83835163469231f755d131d40,
    type: 3}
  m_ReturnVariable: {fileID: 114000010345959956, guid: 6695f451c17655c45aa64b6cae0264d7,
    type: 3}
--- !u!114 &114002786010834278
MonoBehaviour:
  m_ObjectHideFlags: 0
  m_CorrespondingSourceObject: {fileID: 0}
  m_PrefabInstance: {fileID: 0}
  m_PrefabAsset: {fileID: 0}
  m_GameObject: {fileID: 1000012572828428}
  m_Enabled: 1
  m_EditorHideFlags: 0
  m_Script: {fileID: 11500000, guid: b639b31478b97c146aa20595f240e172, type: 3}
  m_Name: 
  m_EditorClassIdentifier: 
  m_Key: 114002786010834278_f487375d32d134a2a9270b6269cadefd
  m_ItemId: 1177
  m_ParentFlowchartItem: {fileID: 114000013453403608}
  m_WaitUntilFinished:
    m_VariableDataType: 0
    m_Variable: {fileID: 0}
    m_Command: {fileID: 0}
    m_Localize: 0
    m_DataVal: 0
  m_IndentLevel: 0
  m_CommandIndex: 3
  m_AudioTarget: 2
  m_AudioSource:
    m_VariableDataType: 0
    m_Variable: {fileID: 0}
    m_Command: {fileID: 0}
    m_Localize: 0
    m_DataVal: {fileID: 0}
  m_AudioMixerGroup:
    m_VariableDataType: 0
    m_Variable: {fileID: 0}
    m_Command: {fileID: 0}
    m_Localize: 0
    m_DataVal: {fileID: 243605891806298748, guid: a6b5cb47bf375204da2ddff36d1bf6ba,
      type: 2}
  m_FadeDuration:
    m_VariableDataType: 0
    m_Variable: {fileID: 0}
    m_Command: {fileID: 0}
    m_Localize: 0
    m_DataVal: 1
--- !u!114 &114871280791539024
MonoBehaviour:
  m_ObjectHideFlags: 0
  m_CorrespondingSourceObject: {fileID: 0}
  m_PrefabInstance: {fileID: 0}
  m_PrefabAsset: {fileID: 0}
  m_GameObject: {fileID: 1000012572828428}
  m_Enabled: 1
  m_EditorHideFlags: 0
  m_Script: {fileID: 11500000, guid: b639b31478b97c146aa20595f240e172, type: 3}
  m_Name: 
  m_EditorClassIdentifier: 
  m_Key: 114871280791539024_f487375d32d134a2a9270b6269cadefd
  m_ItemId: 1178
  m_ParentFlowchartItem: {fileID: 114000011525884822}
  m_WaitUntilFinished:
    m_VariableDataType: 0
    m_Variable: {fileID: 0}
    m_Command: {fileID: 0}
    m_Localize: 0
    m_DataVal: 0
  m_IndentLevel: 0
  m_CommandIndex: 3
  m_AudioTarget: 2
  m_AudioSource:
    m_VariableDataType: 0
    m_Variable: {fileID: 0}
    m_Command: {fileID: 0}
    m_Localize: 0
    m_DataVal: {fileID: 0}
  m_AudioMixerGroup:
    m_VariableDataType: 0
    m_Variable: {fileID: 0}
    m_Command: {fileID: 0}
    m_Localize: 0
    m_DataVal: {fileID: 243605891806298748, guid: a6b5cb47bf375204da2ddff36d1bf6ba,
      type: 2}
  m_FadeDuration:
    m_VariableDataType: 0
    m_Variable: {fileID: 0}
    m_Command: {fileID: 0}
    m_Localize: 0
    m_DataVal: 1
--- !u!114 &114423791272687382
MonoBehaviour:
  m_ObjectHideFlags: 0
  m_CorrespondingSourceObject: {fileID: 0}
  m_PrefabInstance: {fileID: 0}
  m_PrefabAsset: {fileID: 0}
  m_GameObject: {fileID: 1000012572828428}
  m_Enabled: 1
  m_EditorHideFlags: 0
  m_Script: {fileID: 11500000, guid: fb77d0ce495044f6e9feb91b31798e8c, type: 3}
  m_Name: 
  m_EditorClassIdentifier: 
  m_Key: 114423791272687382_f487375d32d134a2a9270b6269cadefd
  m_ItemId: 1180
  m_ParentFlowchartItem: {fileID: 114000013453403608}
  m_WaitUntilFinished:
    m_VariableDataType: 0
    m_Variable: {fileID: 0}
    m_Command: {fileID: 0}
    m_Localize: 0
    m_DataVal: 0
  m_IndentLevel: 0
  m_CommandIndex: 4
  m_Variable: {fileID: 114551892380017214, guid: 20aecb0f38dde6c4b84c9b1500596aa2,
    type: 3}
  m_Operation: 0
  m_Value:
    m_VariableDataType: 0
    m_Variable: {fileID: 0}
    m_Command: {fileID: 0}
    m_Localize: 0
    m_DataVal:
      m_ValueTypeName: System.Boolean, mscorlib
      m_UseDynamicValueType: 0
      m_SerializedValue: false
      m_ObjectReferenceValue: {fileID: 0}
      m_ObjectReferenceListValue: []
--- !u!114 &114748182874167544
MonoBehaviour:
  m_ObjectHideFlags: 0
  m_CorrespondingSourceObject: {fileID: 0}
  m_PrefabInstance: {fileID: 0}
  m_PrefabAsset: {fileID: 0}
  m_GameObject: {fileID: 1000012572828428}
  m_Enabled: 1
  m_EditorHideFlags: 0
  m_Script: {fileID: 11500000, guid: fb77d0ce495044f6e9feb91b31798e8c, type: 3}
  m_Name: 
  m_EditorClassIdentifier: 
  m_Key: 114748182874167544_f487375d32d134a2a9270b6269cadefd
  m_ItemId: 1181
  m_ParentFlowchartItem: {fileID: 114000011525884822}
  m_WaitUntilFinished:
    m_VariableDataType: 0
    m_Variable: {fileID: 0}
    m_Command: {fileID: 0}
    m_Localize: 0
    m_DataVal: 0
  m_IndentLevel: 0
  m_CommandIndex: 4
  m_Variable: {fileID: 114551892380017214, guid: 20aecb0f38dde6c4b84c9b1500596aa2,
    type: 3}
  m_Operation: 0
  m_Value:
    m_VariableDataType: 0
    m_Variable: {fileID: 0}
    m_Command: {fileID: 0}
    m_Localize: 0
    m_DataVal:
      m_ValueTypeName: System.Boolean, mscorlib
      m_UseDynamicValueType: 0
      m_SerializedValue: false
      m_ObjectReferenceValue: {fileID: 0}
      m_ObjectReferenceListValue: []
--- !u!114 &114609417216305684
MonoBehaviour:
  m_ObjectHideFlags: 0
  m_CorrespondingSourceObject: {fileID: 0}
  m_PrefabInstance: {fileID: 0}
  m_PrefabAsset: {fileID: 0}
  m_GameObject: {fileID: 1000012572828428}
  m_Enabled: 1
  m_EditorHideFlags: 0
  m_Script: {fileID: 11500000, guid: c43743931d28f43f89eced820d907351, type: 3}
  m_Name: 
  m_EditorClassIdentifier: 
  m_Key: 114609417216305684_f487375d32d134a2a9270b6269cadefd
  m_ItemId: 1184
  m_ParentFlowchartItem: {fileID: 114577548390208780}
  m_WaitUntilFinished:
    m_VariableDataType: 0
    m_Variable: {fileID: 0}
    m_Command: {fileID: 0}
    m_Localize: 0
    m_DataVal: 0
  m_IndentLevel: 0
  m_CommandIndex: 4
  m_MessageTarget: 1
  m_Message:
    m_VariableDataType: 1
    m_Variable: {fileID: 114148475324459888}
    m_Command: {fileID: 0}
    m_Localize: 1
    m_DataVal: 
--- !u!114 &114835424678149324
MonoBehaviour:
  m_ObjectHideFlags: 0
  m_CorrespondingSourceObject: {fileID: 0}
  m_PrefabInstance: {fileID: 0}
  m_PrefabAsset: {fileID: 0}
  m_GameObject: {fileID: 1000012572828428}
  m_Enabled: 1
  m_EditorHideFlags: 0
  m_Script: {fileID: 11500000, guid: c43743931d28f43f89eced820d907351, type: 3}
  m_Name: 
  m_EditorClassIdentifier: 
  m_Key: 114835424678149324_f487375d32d134a2a9270b6269cadefd
  m_ItemId: 1183
  m_ParentFlowchartItem: {fileID: 114000012774209610}
  m_WaitUntilFinished:
    m_VariableDataType: 0
    m_Variable: {fileID: 0}
    m_Command: {fileID: 0}
    m_Localize: 0
    m_DataVal: 0
  m_IndentLevel: 0
  m_CommandIndex: 2
  m_MessageTarget: 1
  m_Message:
    m_VariableDataType: 1
    m_Variable: {fileID: 114000014146623300, guid: 6695f451c17655c45aa64b6cae0264d7,
      type: 3}
    m_Command: {fileID: 0}
    m_Localize: 1
    m_DataVal: 
--- !u!114 &114750670849905612
MonoBehaviour:
  m_ObjectHideFlags: 0
  m_CorrespondingSourceObject: {fileID: 0}
  m_PrefabInstance: {fileID: 0}
  m_PrefabAsset: {fileID: 0}
  m_GameObject: {fileID: 1000012572828428}
  m_Enabled: 1
  m_EditorHideFlags: 0
  m_Script: {fileID: 11500000, guid: c43743931d28f43f89eced820d907351, type: 3}
  m_Name: 
  m_EditorClassIdentifier: 
  m_Key: 114750670849905612_f487375d32d134a2a9270b6269cadefd
  m_ItemId: 1182
  m_ParentFlowchartItem: {fileID: 114000013812346354}
  m_WaitUntilFinished:
    m_VariableDataType: 0
    m_Variable: {fileID: 0}
    m_Command: {fileID: 0}
    m_Localize: 0
    m_DataVal: 0
  m_IndentLevel: 0
  m_CommandIndex: 2
  m_MessageTarget: 1
  m_Message:
    m_VariableDataType: 1
    m_Variable: {fileID: 114000012018418542, guid: 6695f451c17655c45aa64b6cae0264d7,
      type: 3}
    m_Command: {fileID: 0}
    m_Localize: 1
    m_DataVal: 
--- !u!114 &114312377998892842
MonoBehaviour:
  m_ObjectHideFlags: 0
  m_CorrespondingSourceObject: {fileID: 0}
  m_PrefabInstance: {fileID: 0}
  m_PrefabAsset: {fileID: 0}
  m_GameObject: {fileID: 1000012572828428}
  m_Enabled: 1
  m_EditorHideFlags: 0
  m_Script: {fileID: 11500000, guid: 79625b28df582bb458788419c73b55f3, type: 3}
  m_Name: 
  m_EditorClassIdentifier: 
  m_Key: 114312377998892842_f487375d32d134a2a9270b6269cadefd
  m_ItemId: 1185
  m_ParentFlowchartItem: {fileID: 114000010550653426}
  m_WaitUntilFinished:
    m_VariableDataType: 0
    m_Variable: {fileID: 0}
    m_Command: {fileID: 0}
    m_Localize: 0
    m_DataVal: 0
  m_IndentLevel: 0
  m_CommandIndex: 9
  m_Flowchart:
    m_VariableDataType: 1
    m_Variable: {fileID: 114592980296609938}
    m_Command: {fileID: 0}
    m_Localize: 0
    m_DataVal: {fileID: 0}
  m_TemplateVariable: {fileID: 114737244057948224, guid: db2c02d83835163469231f755d131d40,
    type: 3}
  m_ReturnVariable: {fileID: 114782230980808456, guid: 6695f451c17655c45aa64b6cae0264d7,
    type: 3}
