%YAML 1.1
%TAG !u! tag:unity3d.com,2011:
--- !u!1 &1820427384983840
GameObject:
  m_ObjectHideFlags: 0
  m_CorrespondingSourceObject: {fileID: 0}
  m_PrefabInstance: {fileID: 0}
  m_PrefabAsset: {fileID: 0}
  serializedVersion: 6
  m_Component:
  - component: {fileID: 4298584913207248}
  - component: {fileID: 114718793538453514}
  - component: {fileID: 114965185475392524}
  - component: {fileID: 114984043921491396}
  - component: {fileID: 114519244243311348}
  - component: {fileID: 114953986073428132}
  - component: {fileID: 114331436856589594}
  - component: {fileID: 114334320808145016}
  - component: {fileID: 114775967767292576}
  - component: {fileID: 114500757335937026}
  - component: {fileID: 114516925410780216}
  - component: {fileID: 114376905543250342}
  - component: {fileID: 114243300434690142}
  - component: {fileID: 114270972146365688}
  - component: {fileID: 114567073248718998}
  - component: {fileID: 114716684168540412}
  - component: {fileID: 114049597014304806}
  - component: {fileID: 114203080148129762}
  - component: {fileID: 114001727475164688}
  - component: {fileID: 114941782680368946}
  - component: {fileID: 114544434709366846}
  - component: {fileID: 114125468420192026}
  - component: {fileID: 114812656609368160}
  - component: {fileID: 114777772156832458}
  - component: {fileID: 114914577941177476}
  - component: {fileID: 114052264463891964}
  - component: {fileID: 114928416807573354}
  - component: {fileID: 114614289901649776}
  - component: {fileID: 114299529077433630}
  - component: {fileID: 114631991289220536}
  - component: {fileID: 114235617121896646}
  - component: {fileID: 114584054253137466}
  - component: {fileID: 114890883698390674}
  - component: {fileID: 114121138833444524}
  - component: {fileID: 114699594633747888}
  - component: {fileID: 114880358924145504}
  - component: {fileID: 114447433329942474}
  - component: {fileID: 114120949439809082}
  - component: {fileID: 114491993723008276}
  - component: {fileID: 114967385279866962}
  - component: {fileID: 114781651592248920}
  - component: {fileID: 114108267052260968}
  - component: {fileID: 114704200277863846}
  - component: {fileID: 114208232606184860}
  m_Layer: 0
  m_Name: Stat Event Manager
  m_TagString: Untagged
  m_Icon: {fileID: 0}
  m_NavMeshLayer: 0
  m_StaticEditorFlags: 0
  m_IsActive: 1
--- !u!4 &4298584913207248
Transform:
  m_ObjectHideFlags: 0
  m_CorrespondingSourceObject: {fileID: 0}
  m_PrefabInstance: {fileID: 0}
  m_PrefabAsset: {fileID: 0}
  m_GameObject: {fileID: 1820427384983840}
  m_LocalRotation: {x: 0, y: 0, z: 0, w: 1}
  m_LocalPosition: {x: 0, y: 0, z: 0}
  m_LocalScale: {x: 1, y: 1, z: 1}
  m_Children: []
  m_Father: {fileID: 0}
  m_RootOrder: 0
  m_LocalEulerAnglesHint: {x: 0, y: 0, z: 0}
--- !u!114 &114718793538453514
MonoBehaviour:
  m_ObjectHideFlags: 0
  m_CorrespondingSourceObject: {fileID: 0}
  m_PrefabInstance: {fileID: 0}
  m_PrefabAsset: {fileID: 0}
  m_GameObject: {fileID: 1820427384983840}
  m_Enabled: 1
  m_EditorHideFlags: 0
  m_Script: {fileID: 11500000, guid: 7a334fe2ffb574b3583ff3b18b4792d3, type: 3}
  m_Name: 
  m_EditorClassIdentifier: 
  m_Key: 114718793538453514_9c277744cbf2e4ebeb9949b1e5f15e0a
  m_Version: 1.0
  m_TemplateFlowchart: {fileID: 0}
  m_Description: 
  m_StepPause: 0
  m_PauseOnEnable: 0
  m_HideComponents: 1
  m_Logging: 0
  m_NodePosition: {x: 60, y: -400}
  m_Blocks:
  - {fileID: 114965185475392524}
  - {fileID: 114984043921491396}
  - {fileID: 114953986073428132}
  - {fileID: 114331436856589594}
  - {fileID: 114376905543250342}
  - {fileID: 114243300434690142}
  - {fileID: 114270972146365688}
  - {fileID: 114567073248718998}
  m_Variables:
  - {fileID: 114716684168540412}
  - {fileID: 114614289901649776}
  - {fileID: 114781651592248920}
  - {fileID: 114299529077433630}
  - {fileID: 114812656609368160}
  - {fileID: 114777772156832458}
  - {fileID: 114914577941177476}
  - {fileID: 114704200277863846}
  - {fileID: 114208232606184860}
  - {fileID: 114584054253137466}
  - {fileID: 114880358924145504}
--- !u!114 &114965185475392524
MonoBehaviour:
  m_ObjectHideFlags: 0
  m_CorrespondingSourceObject: {fileID: 0}
  m_PrefabInstance: {fileID: 0}
  m_PrefabAsset: {fileID: 0}
  m_GameObject: {fileID: 1820427384983840}
  m_Enabled: 1
  m_EditorHideFlags: 0
  m_Script: {fileID: 11500000, guid: 3d3d73aef2cfc4f51abf34ac00241f60, type: 3}
  m_Name: 
  m_EditorClassIdentifier: 
  m_Key: 114965185475392524_9c277744cbf2e4ebeb9949b1e5f15e0a
  m_ItemId: 2
  m_ParentFlowchartItem: {fileID: 0}
  m_TemplateBlock: {fileID: 0}
  m_NodePosition: {x: 100, y: -110}
  m_BlockName: STAT EVENT SETUP
  m_Scope: 2
  m_Description: 
  m_Parameters: []
  m_ReturnTypeName: 
  m_EventHandler: {fileID: 0}
  m_Commands: []
--- !u!114 &114984043921491396
MonoBehaviour:
  m_ObjectHideFlags: 0
  m_CorrespondingSourceObject: {fileID: 0}
  m_PrefabInstance: {fileID: 0}
  m_PrefabAsset: {fileID: 0}
  m_GameObject: {fileID: 1820427384983840}
  m_Enabled: 1
  m_EditorHideFlags: 0
  m_Script: {fileID: 11500000, guid: 3d3d73aef2cfc4f51abf34ac00241f60, type: 3}
  m_Name: 
  m_EditorClassIdentifier: 
  m_Key: 114984043921491396_9c277744cbf2e4ebeb9949b1e5f15e0a
  m_ItemId: 419
  m_ParentFlowchartItem: {fileID: 0}
  m_TemplateBlock: {fileID: 0}
  m_NodePosition: {x: 20, y: 90}
  m_BlockName: STAT UP
  m_Scope: 2
  m_Description: 
  m_Parameters: []
  m_ReturnTypeName: 
  m_EventHandler: {fileID: 0}
  m_Commands:
  - {fileID: 114052264463891964}
  - {fileID: 114631991289220536}
  - {fileID: 114447433329942474}
  - {fileID: 114519244243311348}
  - {fileID: 114120949439809082}
  - {fileID: 114967385279866962}
  - {fileID: 114491993723008276}
  - {fileID: 114203080148129762}
--- !u!114 &114519244243311348
MonoBehaviour:
  m_ObjectHideFlags: 0
  m_CorrespondingSourceObject: {fileID: 0}
  m_PrefabInstance: {fileID: 0}
  m_PrefabAsset: {fileID: 0}
  m_GameObject: {fileID: 1820427384983840}
  m_Enabled: 1
  m_EditorHideFlags: 0
  m_Script: {fileID: 11500000, guid: ec422cd568a9c4a31ad7c36d0572b9da, type: 3}
  m_Name: 
  m_EditorClassIdentifier: 
  m_Key: 114519244243311348_9c277744cbf2e4ebeb9949b1e5f15e0a
  m_ItemId: 421
  m_ParentFlowchartItem: {fileID: 114984043921491396}
  m_WaitUntilFinished:
    m_VariableDataType: 0
    m_Variable: {fileID: 0}
    m_Command: {fileID: 0}
    m_Localize: 0
    m_DataVal: 0
  m_IndentLevel: 1
  m_CommandIndex: 3
  m_DialogUI:
    m_VariableDataType: 0
    m_Variable: {fileID: 0}
    m_Command: {fileID: 0}
    m_Localize: 0
    m_DataVal: {fileID: 0}
  m_Character:
    m_VariableDataType: 0
    m_Variable: {fileID: 0}
    m_Command: {fileID: 0}
    m_Localize: 0
    m_DataVal: {fileID: 11442302, guid: cf31f2e772e6fef489ee05a50487230c, type: 3}
  m_NameText:
    m_VariableDataType: 0
    m_Variable: {fileID: 0}
    m_Command: {fileID: 0}
    m_Localize: 1
    m_DataVal: 
  m_DialogText:
    m_VariableDataType: 1
    m_Variable: {fileID: 114584054253137466}
    m_Command: {fileID: 0}
    m_Localize: 1
    m_DataVal: 
  m_VoiceOver:
    m_VariableDataType: 0
    m_Variable: {fileID: 0}
    m_Command: {fileID: 0}
    m_Localize: 0
    m_DataVal: {fileID: 0}
  m_Portrait:
    m_VariableDataType: 0
    m_Variable: {fileID: 0}
    m_Command: {fileID: 0}
    m_Localize: 0
    m_DataVal: {fileID: 0}
  m_ContinuePrevious:
    m_VariableDataType: 0
    m_Variable: {fileID: 0}
    m_Command: {fileID: 0}
    m_Localize: 0
    m_DataVal: 0
  m_InstantlyAutoAdvance:
    m_VariableDataType: 0
    m_Variable: {fileID: 0}
    m_Command: {fileID: 0}
    m_Localize: 0
    m_DataVal: 0
--- !u!114 &114953986073428132
MonoBehaviour:
  m_ObjectHideFlags: 0
  m_CorrespondingSourceObject: {fileID: 0}
  m_PrefabInstance: {fileID: 0}
  m_PrefabAsset: {fileID: 0}
  m_GameObject: {fileID: 1820427384983840}
  m_Enabled: 1
  m_EditorHideFlags: 0
  m_Script: {fileID: 11500000, guid: 3d3d73aef2cfc4f51abf34ac00241f60, type: 3}
  m_Name: 
  m_EditorClassIdentifier: 
  m_Key: 114953986073428132_9c277744cbf2e4ebeb9949b1e5f15e0a
  m_ItemId: 422
  m_ParentFlowchartItem: {fileID: 0}
  m_TemplateBlock: {fileID: 0}
  m_NodePosition: {x: 30, y: 210}
  m_BlockName: STAT EVENT COMPLETED
  m_Scope: 0
  m_Description: 
  m_Parameters: []
  m_ReturnTypeName: 
  m_EventHandler: {fileID: 0}
  m_Commands:
  - {fileID: 114500757335937026}
  - {fileID: 114516925410780216}
--- !u!114 &114331436856589594
MonoBehaviour:
  m_ObjectHideFlags: 0
  m_CorrespondingSourceObject: {fileID: 0}
  m_PrefabInstance: {fileID: 0}
  m_PrefabAsset: {fileID: 0}
  m_GameObject: {fileID: 1820427384983840}
  m_Enabled: 1
  m_EditorHideFlags: 0
  m_Script: {fileID: 11500000, guid: 3d3d73aef2cfc4f51abf34ac00241f60, type: 3}
  m_Name: 
  m_EditorClassIdentifier: 
  m_Key: 114331436856589594_9c277744cbf2e4ebeb9949b1e5f15e0a
  m_ItemId: 423
  m_ParentFlowchartItem: {fileID: 0}
  m_TemplateBlock: {fileID: 0}
  m_NodePosition: {x: 190, y: 20}
  m_BlockName: STAT EVENT REJECTED
  m_Scope: 2
  m_Description: 
  m_Parameters: []
  m_ReturnTypeName: 
  m_EventHandler: {fileID: 0}
  m_Commands:
  - {fileID: 114334320808145016}
  - {fileID: 114544434709366846}
  - {fileID: 114125468420192026}
  - {fileID: 114108267052260968}
  - {fileID: 114775967767292576}
--- !u!114 &114334320808145016
MonoBehaviour:
  m_ObjectHideFlags: 0
  m_CorrespondingSourceObject: {fileID: 0}
  m_PrefabInstance: {fileID: 0}
  m_PrefabAsset: {fileID: 0}
  m_GameObject: {fileID: 1820427384983840}
  m_Enabled: 1
  m_EditorHideFlags: 0
  m_Script: {fileID: 11500000, guid: b639b31478b97c146aa20595f240e172, type: 3}
  m_Name: 
  m_EditorClassIdentifier: 
  m_Key: 114334320808145016_9c277744cbf2e4ebeb9949b1e5f15e0a
  m_ItemId: 425
  m_ParentFlowchartItem: {fileID: 114331436856589594}
  m_WaitUntilFinished:
    m_VariableDataType: 0
    m_Variable: {fileID: 0}
    m_Command: {fileID: 0}
    m_Localize: 0
    m_DataVal: 0
  m_IndentLevel: 0
  m_CommandIndex: 0
  m_AudioTarget: 2
  m_AudioSource:
    m_VariableDataType: 0
    m_Variable: {fileID: 0}
    m_Command: {fileID: 0}
    m_Localize: 0
    m_DataVal: {fileID: 0}
  m_AudioMixerGroup:
    m_VariableDataType: 0
    m_Variable: {fileID: 0}
    m_Command: {fileID: 0}
    m_Localize: 0
    m_DataVal: {fileID: 243605891806298748, guid: a6b5cb47bf375204da2ddff36d1bf6ba,
      type: 2}
  m_FadeDuration:
    m_VariableDataType: 0
    m_Variable: {fileID: 0}
    m_Command: {fileID: 0}
    m_Localize: 0
    m_DataVal: 1
--- !u!114 &114775967767292576
MonoBehaviour:
  m_ObjectHideFlags: 0
  m_CorrespondingSourceObject: {fileID: 0}
  m_PrefabInstance: {fileID: 0}
  m_PrefabAsset: {fileID: 0}
  m_GameObject: {fileID: 1820427384983840}
  m_Enabled: 1
  m_EditorHideFlags: 0
  m_Script: {fileID: 11500000, guid: 207aecf668a0345388087ccf522f9957, type: 3}
  m_Name: 
  m_EditorClassIdentifier: 
  m_Key: 114775967767292576_9c277744cbf2e4ebeb9949b1e5f15e0a
  m_ItemId: 426
  m_ParentFlowchartItem: {fileID: 114331436856589594}
  m_WaitUntilFinished:
    m_VariableDataType: 0
    m_Variable: {fileID: 0}
    m_Command: {fileID: 0}
    m_Localize: 0
    m_DataVal: 1
  m_IndentLevel: 1
  m_CommandIndex: 4
  m_FadeColor:
    m_VariableDataType: 0
    m_Variable: {fileID: 0}
    m_Command: {fileID: 0}
    m_Localize: 0
    m_DataVal: {r: 0, g: 0, b: 0, a: 1}
  m_SortingOrder:
    m_VariableDataType: 0
    m_Variable: {fileID: 0}
    m_Command: {fileID: 0}
    m_Localize: 0
    m_DataVal: 99
  m_Duration:
    m_VariableDataType: 0
    m_Variable: {fileID: 0}
    m_Command: {fileID: 0}
    m_Localize: 0
    m_DataVal: 1
--- !u!114 &114500757335937026
MonoBehaviour:
  m_ObjectHideFlags: 0
  m_CorrespondingSourceObject: {fileID: 0}
  m_PrefabInstance: {fileID: 0}
  m_PrefabAsset: {fileID: 0}
  m_GameObject: {fileID: 1820427384983840}
  m_Enabled: 1
  m_EditorHideFlags: 0
  m_Script: {fileID: 11500000, guid: b639b31478b97c146aa20595f240e172, type: 3}
  m_Name: 
  m_EditorClassIdentifier: 
  m_Key: 114500757335937026_9c277744cbf2e4ebeb9949b1e5f15e0a
  m_ItemId: 427
  m_ParentFlowchartItem: {fileID: 114953986073428132}
  m_WaitUntilFinished:
    m_VariableDataType: 0
    m_Variable: {fileID: 0}
    m_Command: {fileID: 0}
    m_Localize: 0
    m_DataVal: 0
  m_IndentLevel: 0
  m_CommandIndex: 0
  m_AudioTarget: 2
  m_AudioSource:
    m_VariableDataType: 0
    m_Variable: {fileID: 0}
    m_Command: {fileID: 0}
    m_Localize: 0
    m_DataVal: {fileID: 0}
  m_AudioMixerGroup:
    m_VariableDataType: 0
    m_Variable: {fileID: 0}
    m_Command: {fileID: 0}
    m_Localize: 0
    m_DataVal: {fileID: 243605891806298748, guid: a6b5cb47bf375204da2ddff36d1bf6ba,
      type: 2}
  m_FadeDuration:
    m_VariableDataType: 0
    m_Variable: {fileID: 0}
    m_Command: {fileID: 0}
    m_Localize: 0
    m_DataVal: 1
--- !u!114 &114516925410780216
MonoBehaviour:
  m_ObjectHideFlags: 0
  m_CorrespondingSourceObject: {fileID: 0}
  m_PrefabInstance: {fileID: 0}
  m_PrefabAsset: {fileID: 0}
  m_GameObject: {fileID: 1820427384983840}
  m_Enabled: 1
  m_EditorHideFlags: 0
  m_Script: {fileID: 11500000, guid: 207aecf668a0345388087ccf522f9957, type: 3}
  m_Name: 
  m_EditorClassIdentifier: 
  m_Key: 114516925410780216_9c277744cbf2e4ebeb9949b1e5f15e0a
  m_ItemId: 428
  m_ParentFlowchartItem: {fileID: 114953986073428132}
  m_WaitUntilFinished:
    m_VariableDataType: 0
    m_Variable: {fileID: 0}
    m_Command: {fileID: 0}
    m_Localize: 0
    m_DataVal: 1
  m_IndentLevel: 0
  m_CommandIndex: 1
  m_FadeColor:
    m_VariableDataType: 0
    m_Variable: {fileID: 0}
    m_Command: {fileID: 0}
    m_Localize: 0
    m_DataVal: {r: 0, g: 0, b: 0, a: 1}
  m_SortingOrder:
    m_VariableDataType: 0
    m_Variable: {fileID: 0}
    m_Command: {fileID: 0}
    m_Localize: 0
    m_DataVal: 99
  m_Duration:
    m_VariableDataType: 0
    m_Variable: {fileID: 0}
    m_Command: {fileID: 0}
    m_Localize: 0
    m_DataVal: 1
--- !u!114 &114376905543250342
MonoBehaviour:
  m_ObjectHideFlags: 0
  m_CorrespondingSourceObject: {fileID: 0}
  m_PrefabInstance: {fileID: 0}
  m_PrefabAsset: {fileID: 0}
  m_GameObject: {fileID: 1820427384983840}
  m_Enabled: 1
  m_EditorHideFlags: 0
  m_Script: {fileID: 11500000, guid: 3d3d73aef2cfc4f51abf34ac00241f60, type: 3}
  m_Name: 
  m_EditorClassIdentifier: 
  m_Key: 114376905543250342_9c277744cbf2e4ebeb9949b1e5f15e0a
  m_ItemId: 434
  m_ParentFlowchartItem: {fileID: 0}
  m_TemplateBlock: {fileID: 0}
  m_NodePosition: {x: 100, y: -50}
  m_BlockName: STAT EVENT INTRO
  m_Scope: 2
  m_Description: 
  m_Parameters: []
  m_ReturnTypeName: 
  m_EventHandler: {fileID: 0}
  m_Commands:
  - {fileID: 114941782680368946}
--- !u!114 &114243300434690142
MonoBehaviour:
  m_ObjectHideFlags: 0
  m_CorrespondingSourceObject: {fileID: 0}
  m_PrefabInstance: {fileID: 0}
  m_PrefabAsset: {fileID: 0}
  m_GameObject: {fileID: 1820427384983840}
  m_Enabled: 1
  m_EditorHideFlags: 0
  m_Script: {fileID: 11500000, guid: 3d3d73aef2cfc4f51abf34ac00241f60, type: 3}
  m_Name: 
  m_EditorClassIdentifier: 
  m_Key: 114243300434690142_9c277744cbf2e4ebeb9949b1e5f15e0a
  m_ItemId: 449
  m_ParentFlowchartItem: {fileID: 0}
  m_TemplateBlock: {fileID: 0}
  m_NodePosition: {x: 0, y: 20}
  m_BlockName: STAT EVENT ACCEPTED
  m_Scope: 2
  m_Description: 
  m_Parameters: []
  m_ReturnTypeName: 
  m_EventHandler: {fileID: 0}
  m_Commands: []
--- !u!114 &114270972146365688
MonoBehaviour:
  m_ObjectHideFlags: 0
  m_CorrespondingSourceObject: {fileID: 0}
  m_PrefabInstance: {fileID: 0}
  m_PrefabAsset: {fileID: 0}
  m_GameObject: {fileID: 1820427384983840}
  m_Enabled: 1
  m_EditorHideFlags: 0
  m_Script: {fileID: 11500000, guid: 3d3d73aef2cfc4f51abf34ac00241f60, type: 3}
  m_Name: 
  m_EditorClassIdentifier: 
  m_Key: 114270972146365688_9c277744cbf2e4ebeb9949b1e5f15e0a
  m_ItemId: 893
  m_ParentFlowchartItem: {fileID: 0}
  m_TemplateBlock: {fileID: 0}
  m_NodePosition: {x: 150, y: 90}
  m_BlockName: STAT UP X2
  m_Scope: 0
  m_Description: 
  m_Parameters: []
  m_ReturnTypeName: 
  m_EventHandler: {fileID: 0}
  m_Commands:
  - {fileID: 114928416807573354}
  - {fileID: 114890883698390674}
  - {fileID: 114121138833444524}
  - {fileID: 114049597014304806}
--- !u!114 &114567073248718998
MonoBehaviour:
  m_ObjectHideFlags: 0
  m_CorrespondingSourceObject: {fileID: 0}
  m_PrefabInstance: {fileID: 0}
  m_PrefabAsset: {fileID: 0}
  m_GameObject: {fileID: 1820427384983840}
  m_Enabled: 1
  m_EditorHideFlags: 0
  m_Script: {fileID: 11500000, guid: 3d3d73aef2cfc4f51abf34ac00241f60, type: 3}
  m_Name: 
  m_EditorClassIdentifier: 
  m_Key: 114567073248718998_9c277744cbf2e4ebeb9949b1e5f15e0a
  m_ItemId: 902
  m_ParentFlowchartItem: {fileID: 0}
  m_TemplateBlock: {fileID: 0}
  m_NodePosition: {x: 240, y: 210}
  m_BlockName: STAT EVENT FAIL
  m_Scope: 0
  m_Description: 
  m_Parameters: []
  m_ReturnTypeName: 
  m_EventHandler: {fileID: 0}
  m_Commands:
  - {fileID: 114001727475164688}
--- !u!114 &114716684168540412
MonoBehaviour:
  m_ObjectHideFlags: 0
  m_CorrespondingSourceObject: {fileID: 0}
  m_PrefabInstance: {fileID: 0}
  m_PrefabAsset: {fileID: 0}
  m_GameObject: {fileID: 1820427384983840}
  m_Enabled: 1
  m_EditorHideFlags: 0
  m_Script: {fileID: 11500000, guid: 4580f28dd8581476b810b38eea2f1316, type: 3}
  m_Name: 
  m_EditorClassIdentifier: 
  m_Key: 114716684168540412_9c277744cbf2e4ebeb9949b1e5f15e0a
  m_ItemId: -1
  m_ParentFlowchartItem: {fileID: 0}
  m_TemplateVariable: {fileID: 0}
  m_VariableName: MESSAGE_ADDSPRITES
  m_Scope: 2
  m_Localize: 0
  m_VariableIndex: 0
  m_Value: Add Sprites
--- !u!114 &114049597014304806
MonoBehaviour:
  m_ObjectHideFlags: 0
  m_CorrespondingSourceObject: {fileID: 0}
  m_PrefabInstance: {fileID: 0}
  m_PrefabAsset: {fileID: 0}
  m_GameObject: {fileID: 1820427384983840}
  m_Enabled: 1
  m_EditorHideFlags: 0
  m_Script: {fileID: 11500000, guid: 050fb9e6e72f442b3b883da8a965bdeb, type: 3}
  m_Name: 
  m_EditorClassIdentifier: 
  m_Key: 114049597014304806_9c277744cbf2e4ebeb9949b1e5f15e0a
  m_ItemId: 924
  m_ParentFlowchartItem: {fileID: 114270972146365688}
  m_WaitUntilFinished:
    m_VariableDataType: 0
    m_Variable: {fileID: 0}
    m_Command: {fileID: 0}
    m_Localize: 0
    m_DataVal: 0
  m_IndentLevel: 0
  m_CommandIndex: 3
  m_TargetBlock:
    m_VariableDataType: 0
    m_Variable: {fileID: 0}
    m_Command: {fileID: 0}
    m_Localize: 0
    m_DataVal: {fileID: 114953986073428132}
  m_CallMode:
    m_VariableDataType: 0
    m_Variable: {fileID: 0}
    m_Command: {fileID: 0}
    m_Localize: 0
    m_DataVal: 1
  m_Parameters: []
  m_ReturnVariable: {fileID: 0}
  m_Description: 
--- !u!114 &114203080148129762
MonoBehaviour:
  m_ObjectHideFlags: 0
  m_CorrespondingSourceObject: {fileID: 0}
  m_PrefabInstance: {fileID: 0}
  m_PrefabAsset: {fileID: 0}
  m_GameObject: {fileID: 1820427384983840}
  m_Enabled: 1
  m_EditorHideFlags: 0
  m_Script: {fileID: 11500000, guid: 050fb9e6e72f442b3b883da8a965bdeb, type: 3}
  m_Name: 
  m_EditorClassIdentifier: 
  m_Key: 114203080148129762_9c277744cbf2e4ebeb9949b1e5f15e0a
  m_ItemId: 929
  m_ParentFlowchartItem: {fileID: 114984043921491396}
  m_WaitUntilFinished:
    m_VariableDataType: 0
    m_Variable: {fileID: 0}
    m_Command: {fileID: 0}
    m_Localize: 0
    m_DataVal: 0
  m_IndentLevel: 0
  m_CommandIndex: 7
  m_TargetBlock:
    m_VariableDataType: 0
    m_Variable: {fileID: 0}
    m_Command: {fileID: 0}
    m_Localize: 0
    m_DataVal: {fileID: 114953986073428132}
  m_CallMode:
    m_VariableDataType: 0
    m_Variable: {fileID: 0}
    m_Command: {fileID: 0}
    m_Localize: 0
    m_DataVal: 1
  m_Parameters: []
  m_ReturnVariable: {fileID: 0}
  m_Description: 
--- !u!114 &114001727475164688
MonoBehaviour:
  m_ObjectHideFlags: 0
  m_CorrespondingSourceObject: {fileID: 0}
  m_PrefabInstance: {fileID: 0}
  m_PrefabAsset: {fileID: 0}
  m_GameObject: {fileID: 1820427384983840}
  m_Enabled: 1
  m_EditorHideFlags: 0
  m_Script: {fileID: 11500000, guid: 050fb9e6e72f442b3b883da8a965bdeb, type: 3}
  m_Name: 
  m_EditorClassIdentifier: 
  m_Key: 114001727475164688_9c277744cbf2e4ebeb9949b1e5f15e0a
  m_ItemId: 930
  m_ParentFlowchartItem: {fileID: 114567073248718998}
  m_WaitUntilFinished:
    m_VariableDataType: 0
    m_Variable: {fileID: 0}
    m_Command: {fileID: 0}
    m_Localize: 0
    m_DataVal: 0
  m_IndentLevel: 0
  m_CommandIndex: 0
  m_TargetBlock:
    m_VariableDataType: 0
    m_Variable: {fileID: 0}
    m_Command: {fileID: 0}
    m_Localize: 0
    m_DataVal: {fileID: 114953986073428132}
  m_CallMode:
    m_VariableDataType: 0
    m_Variable: {fileID: 0}
    m_Command: {fileID: 0}
    m_Localize: 0
    m_DataVal: 1
  m_Parameters: []
  m_ReturnVariable: {fileID: 0}
  m_Description: 
--- !u!114 &114941782680368946
MonoBehaviour:
  m_ObjectHideFlags: 0
  m_CorrespondingSourceObject: {fileID: 0}
  m_PrefabInstance: {fileID: 0}
  m_PrefabAsset: {fileID: 0}
  m_GameObject: {fileID: 1820427384983840}
  m_Enabled: 1
  m_EditorHideFlags: 0
  m_Script: {fileID: 11500000, guid: 050fb9e6e72f442b3b883da8a965bdeb, type: 3}
  m_Name: 
  m_EditorClassIdentifier: 
  m_Key: 114941782680368946_9c277744cbf2e4ebeb9949b1e5f15e0a
  m_ItemId: 979
  m_ParentFlowchartItem: {fileID: 114376905543250342}
  m_WaitUntilFinished:
    m_VariableDataType: 0
    m_Variable: {fileID: 0}
    m_Command: {fileID: 0}
    m_Localize: 0
    m_DataVal: 0
  m_IndentLevel: 0
  m_CommandIndex: 0
  m_TargetBlock:
    m_VariableDataType: 0
    m_Variable: {fileID: 0}
    m_Command: {fileID: 0}
    m_Localize: 0
    m_DataVal: {fileID: 11441510, guid: 20aecb0f38dde6c4b84c9b1500596aa2, type: 3}
  m_CallMode:
    m_VariableDataType: 0
    m_Variable: {fileID: 0}
    m_Command: {fileID: 0}
    m_Localize: 0
    m_DataVal: 1
  m_Parameters: []
  m_ReturnVariable: {fileID: 0}
  m_Description: 
--- !u!114 &114544434709366846
MonoBehaviour:
  m_ObjectHideFlags: 0
  m_CorrespondingSourceObject: {fileID: 0}
  m_PrefabInstance: {fileID: 0}
  m_PrefabAsset: {fileID: 0}
  m_GameObject: {fileID: 1820427384983840}
  m_Enabled: 1
  m_EditorHideFlags: 0
  m_Script: {fileID: 11500000, guid: 70c5622b8a80845c980954170295f292, type: 3}
  m_Name: 
  m_EditorClassIdentifier: 
  m_Key: 114544434709366846_9c277744cbf2e4ebeb9949b1e5f15e0a
  m_ItemId: 987
  m_ParentFlowchartItem: {fileID: 114331436856589594}
  m_WaitUntilFinished:
    m_VariableDataType: 0
    m_Variable: {fileID: 0}
    m_Command: {fileID: 0}
    m_Localize: 0
    m_DataVal: 0
  m_IndentLevel: 0
  m_CommandIndex: 1
  m_Conditions:
  - m_VariableData:
      m_VariableDataType: 1
      m_Variable: {fileID: 114614289901649776}
      m_Command: {fileID: 0}
      m_Localize: 0
    m_CompareOperator: 0
    m_Value:
      m_VariableDataType: 0
      m_Variable: {fileID: 0}
      m_Command: {fileID: 0}
      m_Localize: 0
      m_DataVal:
        m_ValueTypeName: Fungus.Flowchart, Fungus
        m_UseDynamicValueType: 0
        m_SerializedValue: 
        m_ObjectReferenceValue: {fileID: 114666086721531920, guid: 119c0a20961174d99a08d4cf8bf937d6,
          type: 3}
        m_ObjectReferenceListValue: []
  m_CheckIf: 0
--- !u!114 &114125468420192026
MonoBehaviour:
  m_ObjectHideFlags: 0
  m_CorrespondingSourceObject: {fileID: 0}
  m_PrefabInstance: {fileID: 0}
  m_PrefabAsset: {fileID: 0}
  m_GameObject: {fileID: 1820427384983840}
  m_Enabled: 1
  m_EditorHideFlags: 0
  m_Script: {fileID: 11500000, guid: 050fb9e6e72f442b3b883da8a965bdeb, type: 3}
  m_Name: 
  m_EditorClassIdentifier: 
  m_Key: 114125468420192026_9c277744cbf2e4ebeb9949b1e5f15e0a
  m_ItemId: 993
  m_ParentFlowchartItem: {fileID: 114331436856589594}
  m_WaitUntilFinished:
    m_VariableDataType: 0
    m_Variable: {fileID: 0}
    m_Command: {fileID: 0}
    m_Localize: 0
    m_DataVal: 0
  m_IndentLevel: 1
  m_CommandIndex: 2
  m_TargetBlock:
    m_VariableDataType: 0
    m_Variable: {fileID: 0}
    m_Command: {fileID: 0}
    m_Localize: 0
    m_DataVal: {fileID: 11431088, guid: 20aecb0f38dde6c4b84c9b1500596aa2, type: 3}
  m_CallMode:
    m_VariableDataType: 0
    m_Variable: {fileID: 0}
    m_Command: {fileID: 0}
    m_Localize: 0
    m_DataVal: 1
  m_Parameters: []
  m_ReturnVariable: {fileID: 0}
  m_Description: 
--- !u!114 &114812656609368160
MonoBehaviour:
  m_ObjectHideFlags: 0
  m_CorrespondingSourceObject: {fileID: 0}
  m_PrefabInstance: {fileID: 0}
  m_PrefabAsset: {fileID: 0}
  m_GameObject: {fileID: 1820427384983840}
  m_Enabled: 1
  m_EditorHideFlags: 0
  m_Script: {fileID: 11500000, guid: 4580f28dd8581476b810b38eea2f1316, type: 3}
  m_Name: 
  m_EditorClassIdentifier: 
  m_Key: 114812656609368160_9c277744cbf2e4ebeb9949b1e5f15e0a
  m_ItemId: -1
  m_ParentFlowchartItem: {fileID: 0}
  m_TemplateVariable: {fileID: 0}
  m_VariableName: questionCharisma
  m_Scope: 2
  m_Localize: 1
  m_VariableIndex: 4
  m_Value: Spend time at the pub?
--- !u!114 &114777772156832458
MonoBehaviour:
  m_ObjectHideFlags: 0
  m_CorrespondingSourceObject: {fileID: 0}
  m_PrefabInstance: {fileID: 0}
  m_PrefabAsset: {fileID: 0}
  m_GameObject: {fileID: 1820427384983840}
  m_Enabled: 1
  m_EditorHideFlags: 0
  m_Script: {fileID: 11500000, guid: 4580f28dd8581476b810b38eea2f1316, type: 3}
  m_Name: 
  m_EditorClassIdentifier: 
  m_Key: 114777772156832458_9c277744cbf2e4ebeb9949b1e5f15e0a
  m_ItemId: -1
  m_ParentFlowchartItem: {fileID: 0}
  m_TemplateVariable: {fileID: 0}
  m_VariableName: questionPerception
  m_Scope: 2
  m_Localize: 1
  m_VariableIndex: 5
  m_Value: Keep working at the clinic and see the patient?
--- !u!114 &114914577941177476
MonoBehaviour:
  m_ObjectHideFlags: 0
  m_CorrespondingSourceObject: {fileID: 0}
  m_PrefabInstance: {fileID: 0}
  m_PrefabAsset: {fileID: 0}
  m_GameObject: {fileID: 1820427384983840}
  m_Enabled: 1
  m_EditorHideFlags: 0
  m_Script: {fileID: 11500000, guid: 4580f28dd8581476b810b38eea2f1316, type: 3}
  m_Name: 
  m_EditorClassIdentifier: 
  m_Key: 114914577941177476_9c277744cbf2e4ebeb9949b1e5f15e0a
  m_ItemId: -1
  m_ParentFlowchartItem: {fileID: 0}
  m_TemplateVariable: {fileID: 0}
  m_VariableName: questionShopping
  m_Scope: 2
  m_Localize: 1
  m_VariableIndex: 6
  m_Value: Do the shopping?
--- !u!114 &114052264463891964
MonoBehaviour:
  m_ObjectHideFlags: 0
  m_CorrespondingSourceObject: {fileID: 0}
  m_PrefabInstance: {fileID: 0}
  m_PrefabAsset: {fileID: 0}
  m_GameObject: {fileID: 1820427384983840}
  m_Enabled: 1
  m_EditorHideFlags: 0
  m_Script: {fileID: 11500000, guid: 899f2c9eae0fd2d4ca1fd992909f0af9, type: 3}
  m_Name: 
  m_EditorClassIdentifier: 
  m_Key: 114052264463891964_9c277744cbf2e4ebeb9949b1e5f15e0a
  m_ItemId: 997
  m_ParentFlowchartItem: {fileID: 114984043921491396}
  m_WaitUntilFinished:
    m_VariableDataType: 0
    m_Variable: {fileID: 0}
    m_Command: {fileID: 0}
    m_Localize: 0
    m_DataVal: 0
  m_IndentLevel: 0
  m_CommandIndex: 0
  m_Flowchart:
    m_VariableDataType: 1
    m_Variable: {fileID: 114614289901649776}
    m_Command: {fileID: 0}
    m_Localize: 0
    m_DataVal: {fileID: 0}
  m_TemplateVariable: {fileID: 114241701384089860, guid: 9ff58cf766d9a412c9b98d54ee27479c,
    type: 3}
  m_Operation: 2
  m_Value:
    m_VariableDataType: 0
    m_Variable: {fileID: 0}
    m_Command: {fileID: 0}
    m_Localize: 0
    m_DataVal:
      m_ValueTypeName: System.Int32, mscorlib
      m_UseDynamicValueType: 0
      m_SerializedValue: 1
      m_ObjectReferenceValue: {fileID: 0}
      m_ObjectReferenceListValue: []
--- !u!114 &114928416807573354
MonoBehaviour:
  m_ObjectHideFlags: 0
  m_CorrespondingSourceObject: {fileID: 0}
  m_PrefabInstance: {fileID: 0}
  m_PrefabAsset: {fileID: 0}
  m_GameObject: {fileID: 1820427384983840}
  m_Enabled: 1
  m_EditorHideFlags: 0
  m_Script: {fileID: 11500000, guid: 899f2c9eae0fd2d4ca1fd992909f0af9, type: 3}
  m_Name: 
  m_EditorClassIdentifier: 
  m_Key: 114928416807573354_9c277744cbf2e4ebeb9949b1e5f15e0a
  m_ItemId: 1000
  m_ParentFlowchartItem: {fileID: 114270972146365688}
  m_WaitUntilFinished:
    m_VariableDataType: 0
    m_Variable: {fileID: 0}
    m_Command: {fileID: 0}
    m_Localize: 0
    m_DataVal: 0
  m_IndentLevel: 0
  m_CommandIndex: 0
  m_Flowchart:
    m_VariableDataType: 1
    m_Variable: {fileID: 114614289901649776}
    m_Command: {fileID: 0}
    m_Localize: 0
    m_DataVal: {fileID: 0}
  m_TemplateVariable: {fileID: 114241701384089860, guid: 9ff58cf766d9a412c9b98d54ee27479c,
    type: 3}
  m_Operation: 2
  m_Value:
    m_VariableDataType: 0
    m_Variable: {fileID: 0}
    m_Command: {fileID: 0}
    m_Localize: 0
    m_DataVal:
      m_ValueTypeName: System.Int32, mscorlib
      m_UseDynamicValueType: 0
      m_SerializedValue: 2
      m_ObjectReferenceValue: {fileID: 0}
      m_ObjectReferenceListValue: []
--- !u!114 &114614289901649776
MonoBehaviour:
  m_ObjectHideFlags: 0
  m_CorrespondingSourceObject: {fileID: 0}
  m_PrefabInstance: {fileID: 0}
  m_PrefabAsset: {fileID: 0}
  m_GameObject: {fileID: 1820427384983840}
  m_Enabled: 1
  m_EditorHideFlags: 0
  m_Script: {fileID: 11500000, guid: c025397cef947fa4092ac7d21f0d7537, type: 3}
  m_Name: 
  m_EditorClassIdentifier: 
  m_Key: 114614289901649776_9c277744cbf2e4ebeb9949b1e5f15e0a
  m_ItemId: -1
  m_ParentFlowchartItem: {fileID: 114052264463891964}
  m_TemplateVariable: {fileID: 0}
  m_VariableName: STAT_TYPE
  m_Scope: 2
  m_Localize: 0
  m_VariableIndex: 1
  m_Value: {fileID: 0}
--- !u!114 &114299529077433630
MonoBehaviour:
  m_ObjectHideFlags: 0
  m_CorrespondingSourceObject: {fileID: 0}
  m_PrefabInstance: {fileID: 0}
  m_PrefabAsset: {fileID: 0}
  m_GameObject: {fileID: 1820427384983840}
  m_Enabled: 1
  m_EditorHideFlags: 0
  m_Script: {fileID: 11500000, guid: 4580f28dd8581476b810b38eea2f1316, type: 3}
  m_Name: 
  m_EditorClassIdentifier: 
  m_Key: 114299529077433630_9c277744cbf2e4ebeb9949b1e5f15e0a
  m_ItemId: -1
  m_ParentFlowchartItem: {fileID: 114631991289220536}
  m_TemplateVariable: {fileID: 0}
  m_VariableName: StatName
  m_Scope: 0
  m_Localize: 0
  m_VariableIndex: 3
  m_Value: 
--- !u!114 &114631991289220536
MonoBehaviour:
  m_ObjectHideFlags: 0
  m_CorrespondingSourceObject: {fileID: 0}
  m_PrefabInstance: {fileID: 0}
  m_PrefabAsset: {fileID: 0}
  m_GameObject: {fileID: 1820427384983840}
  m_Enabled: 1
  m_EditorHideFlags: 0
  m_Script: {fileID: 11500000, guid: fb77d0ce495044f6e9feb91b31798e8c, type: 3}
  m_Name: 
  m_EditorClassIdentifier: 
  m_Key: 114631991289220536_9c277744cbf2e4ebeb9949b1e5f15e0a
  m_ItemId: 1006
  m_ParentFlowchartItem: {fileID: 114984043921491396}
  m_WaitUntilFinished:
    m_VariableDataType: 0
    m_Variable: {fileID: 0}
    m_Command: {fileID: 0}
    m_Localize: 0
    m_DataVal: 0
  m_IndentLevel: 0
  m_CommandIndex: 1
  m_Variable: {fileID: 114299529077433630}
  m_Operation: 0
  m_Value:
    m_VariableDataType: 2
    m_Variable: {fileID: 0}
    m_Command: {fileID: 114235617121896646}
    m_Localize: 0
    m_DataVal:
      m_ValueTypeName: System.String, mscorlib
      m_UseDynamicValueType: 0
      m_SerializedValue: '""'
      m_ObjectReferenceValue: {fileID: 0}
      m_ObjectReferenceListValue: []
--- !u!114 &114235617121896646
MonoBehaviour:
  m_ObjectHideFlags: 0
  m_CorrespondingSourceObject: {fileID: 0}
  m_PrefabInstance: {fileID: 0}
  m_PrefabAsset: {fileID: 0}
  m_GameObject: {fileID: 1820427384983840}
  m_Enabled: 1
  m_EditorHideFlags: 0
  m_Script: {fileID: 11500000, guid: 79625b28df582bb458788419c73b55f3, type: 3}
  m_Name: 
  m_EditorClassIdentifier: 
  m_Key: 114235617121896646_9c277744cbf2e4ebeb9949b1e5f15e0a
  m_ItemId: 1007
  m_ParentFlowchartItem: {fileID: 114631991289220536}
  m_WaitUntilFinished:
    m_VariableDataType: 0
    m_Variable: {fileID: 0}
    m_Command: {fileID: 0}
    m_Localize: 0
    m_DataVal: 0
  m_IndentLevel: 0
  m_CommandIndex: -1
  m_Flowchart:
    m_VariableDataType: 1
    m_Variable: {fileID: 114614289901649776}
    m_Command: {fileID: 0}
    m_Localize: 0
    m_DataVal: {fileID: 0}
  m_TemplateVariable: {fileID: 114154414502212596, guid: 9ff58cf766d9a412c9b98d54ee27479c,
    type: 3}
  m_ReturnVariable: {fileID: 0}
--- !u!114 &114584054253137466
MonoBehaviour:
  m_ObjectHideFlags: 0
  m_CorrespondingSourceObject: {fileID: 0}
  m_PrefabInstance: {fileID: 0}
  m_PrefabAsset: {fileID: 0}
  m_GameObject: {fileID: 1820427384983840}
  m_Enabled: 1
  m_EditorHideFlags: 0
  m_Script: {fileID: 11500000, guid: 4580f28dd8581476b810b38eea2f1316, type: 3}
  m_Name: 
  m_EditorClassIdentifier: 
  m_Key: 114584054253137466_9c277744cbf2e4ebeb9949b1e5f15e0a
  m_ItemId: -1
  m_ParentFlowchartItem: {fileID: 114519244243311348}
  m_TemplateVariable: {fileID: 0}
  m_VariableName: STAT_UP
  m_Scope: 0
  m_Localize: 1
  m_VariableIndex: 9
  m_Value: Your {stat-up}{$StatName}{/stat-up} has increased!
--- !u!114 &114890883698390674
MonoBehaviour:
  m_ObjectHideFlags: 0
  m_CorrespondingSourceObject: {fileID: 0}
  m_PrefabInstance: {fileID: 0}
  m_PrefabAsset: {fileID: 0}
  m_GameObject: {fileID: 1820427384983840}
  m_Enabled: 1
  m_EditorHideFlags: 0
  m_Script: {fileID: 11500000, guid: fb77d0ce495044f6e9feb91b31798e8c, type: 3}
  m_Name: 
  m_EditorClassIdentifier: 
  m_Key: 114890883698390674_9c277744cbf2e4ebeb9949b1e5f15e0a
  m_ItemId: 1009
  m_ParentFlowchartItem: {fileID: 114270972146365688}
  m_WaitUntilFinished:
    m_VariableDataType: 0
    m_Variable: {fileID: 0}
    m_Command: {fileID: 0}
    m_Localize: 0
    m_DataVal: 0
  m_IndentLevel: 0
  m_CommandIndex: 1
  m_Variable: {fileID: 114299529077433630}
  m_Operation: 0
  m_Value:
    m_VariableDataType: 2
    m_Variable: {fileID: 0}
    m_Command: {fileID: 114699594633747888}
    m_Localize: 0
    m_DataVal:
      m_ValueTypeName: System.String, mscorlib
      m_UseDynamicValueType: 0
      m_SerializedValue: '""'
      m_ObjectReferenceValue: {fileID: 0}
      m_ObjectReferenceListValue: []
--- !u!114 &114121138833444524
MonoBehaviour:
  m_ObjectHideFlags: 0
  m_CorrespondingSourceObject: {fileID: 0}
  m_PrefabInstance: {fileID: 0}
  m_PrefabAsset: {fileID: 0}
  m_GameObject: {fileID: 1820427384983840}
  m_Enabled: 1
  m_EditorHideFlags: 0
  m_Script: {fileID: 11500000, guid: ec422cd568a9c4a31ad7c36d0572b9da, type: 3}
  m_Name: 
  m_EditorClassIdentifier: 
  m_Key: 114121138833444524_9c277744cbf2e4ebeb9949b1e5f15e0a
  m_ItemId: 1010
  m_ParentFlowchartItem: {fileID: 114270972146365688}
  m_WaitUntilFinished:
    m_VariableDataType: 0
    m_Variable: {fileID: 0}
    m_Command: {fileID: 0}
    m_Localize: 0
    m_DataVal: 0
  m_IndentLevel: 0
  m_CommandIndex: 2
  m_DialogUI:
    m_VariableDataType: 0
    m_Variable: {fileID: 0}
    m_Command: {fileID: 0}
    m_Localize: 0
    m_DataVal: {fileID: 0}
  m_Character:
    m_VariableDataType: 0
    m_Variable: {fileID: 0}
    m_Command: {fileID: 0}
    m_Localize: 0
    m_DataVal: {fileID: 11442302, guid: cf31f2e772e6fef489ee05a50487230c, type: 3}
  m_NameText:
    m_VariableDataType: 0
    m_Variable: {fileID: 0}
    m_Command: {fileID: 0}
    m_Localize: 1
    m_DataVal: 
  m_DialogText:
    m_VariableDataType: 1
    m_Variable: {fileID: 114584054253137466}
    m_Command: {fileID: 0}
    m_Localize: 1
    m_DataVal: 
  m_VoiceOver:
    m_VariableDataType: 0
    m_Variable: {fileID: 0}
    m_Command: {fileID: 0}
    m_Localize: 0
    m_DataVal: {fileID: 0}
  m_Portrait:
    m_VariableDataType: 0
    m_Variable: {fileID: 0}
    m_Command: {fileID: 0}
    m_Localize: 0
    m_DataVal: {fileID: 0}
  m_ContinuePrevious:
    m_VariableDataType: 0
    m_Variable: {fileID: 0}
    m_Command: {fileID: 0}
    m_Localize: 0
    m_DataVal: 0
  m_InstantlyAutoAdvance:
    m_VariableDataType: 0
    m_Variable: {fileID: 0}
    m_Command: {fileID: 0}
    m_Localize: 0
    m_DataVal: 0
--- !u!114 &114699594633747888
MonoBehaviour:
  m_ObjectHideFlags: 0
  m_CorrespondingSourceObject: {fileID: 0}
  m_PrefabInstance: {fileID: 0}
  m_PrefabAsset: {fileID: 0}
  m_GameObject: {fileID: 1820427384983840}
  m_Enabled: 1
  m_EditorHideFlags: 0
  m_Script: {fileID: 11500000, guid: 79625b28df582bb458788419c73b55f3, type: 3}
  m_Name: 
  m_EditorClassIdentifier: 
  m_Key: 114699594633747888_9c277744cbf2e4ebeb9949b1e5f15e0a
  m_ItemId: 1011
  m_ParentFlowchartItem: {fileID: 114890883698390674}
  m_WaitUntilFinished:
    m_VariableDataType: 0
    m_Variable: {fileID: 0}
    m_Command: {fileID: 0}
    m_Localize: 0
    m_DataVal: 0
  m_IndentLevel: 0
  m_CommandIndex: -1
  m_Flowchart:
    m_VariableDataType: 1
    m_Variable: {fileID: 114614289901649776}
    m_Command: {fileID: 0}
    m_Localize: 0
    m_DataVal: {fileID: 0}
  m_TemplateVariable: {fileID: 114154414502212596, guid: 9ff58cf766d9a412c9b98d54ee27479c,
    type: 3}
  m_ReturnVariable: {fileID: 0}
--- !u!114 &114880358924145504
MonoBehaviour:
  m_ObjectHideFlags: 0
  m_CorrespondingSourceObject: {fileID: 0}
  m_PrefabInstance: {fileID: 0}
  m_PrefabAsset: {fileID: 0}
  m_GameObject: {fileID: 1820427384983840}
  m_Enabled: 1
  m_EditorHideFlags: 0
  m_Script: {fileID: 11500000, guid: 4580f28dd8581476b810b38eea2f1316, type: 3}
  m_Name: 
  m_EditorClassIdentifier: 
  m_Key: 114880358924145504_9c277744cbf2e4ebeb9949b1e5f15e0a
  m_ItemId: -1
  m_ParentFlowchartItem: {fileID: 114967385279866962}
  m_TemplateVariable: {fileID: 0}
  m_VariableName: STAT_UP_ELLA
  m_Scope: 0
  m_Localize: 1
  m_VariableIndex: 10
  m_Value: Ella helped you improve your {stat-up}{$StatName}{/stat-up}!
--- !u!114 &114447433329942474
MonoBehaviour:
  m_ObjectHideFlags: 0
  m_CorrespondingSourceObject: {fileID: 0}
  m_PrefabInstance: {fileID: 0}
  m_PrefabAsset: {fileID: 0}
  m_GameObject: {fileID: 1820427384983840}
  m_Enabled: 1
  m_EditorHideFlags: 0
  m_Script: {fileID: 11500000, guid: 70c5622b8a80845c980954170295f292, type: 3}
  m_Name: 
  m_EditorClassIdentifier: 
  m_Key: 114447433329942474_9c277744cbf2e4ebeb9949b1e5f15e0a
  m_ItemId: 1012
  m_ParentFlowchartItem: {fileID: 114984043921491396}
  m_WaitUntilFinished:
    m_VariableDataType: 0
    m_Variable: {fileID: 0}
    m_Command: {fileID: 0}
    m_Localize: 0
    m_DataVal: 0
  m_IndentLevel: 0
  m_CommandIndex: 2
  m_Conditions:
  - m_VariableData:
      m_VariableDataType: 1
      m_Variable: {fileID: 114781651592248920}
      m_Command: {fileID: 0}
      m_Localize: 0
    m_CompareOperator: 0
    m_Value:
      m_VariableDataType: 0
      m_Variable: {fileID: 0}
      m_Command: {fileID: 0}
      m_Localize: 0
      m_DataVal:
        m_ValueTypeName: System.Boolean, mscorlib
        m_UseDynamicValueType: 0
        m_SerializedValue: false
        m_ObjectReferenceValue: {fileID: 0}
        m_ObjectReferenceListValue: []
  m_CheckIf: 0
--- !u!114 &114120949439809082
MonoBehaviour:
  m_ObjectHideFlags: 0
  m_CorrespondingSourceObject: {fileID: 0}
  m_PrefabInstance: {fileID: 0}
  m_PrefabAsset: {fileID: 0}
  m_GameObject: {fileID: 1820427384983840}
  m_Enabled: 1
  m_EditorHideFlags: 0
  m_Script: {fileID: 11500000, guid: 3fa968f01a7f9496bb50e13dfe16760d, type: 3}
  m_Name: 
  m_EditorClassIdentifier: 
  m_Key: 114120949439809082_9c277744cbf2e4ebeb9949b1e5f15e0a
  m_ItemId: 1013
  m_ParentFlowchartItem: {fileID: 114984043921491396}
  m_WaitUntilFinished:
    m_VariableDataType: 0
    m_Variable: {fileID: 0}
    m_Command: {fileID: 0}
    m_Localize: 0
    m_DataVal: 0
  m_IndentLevel: 0
  m_CommandIndex: 4
--- !u!114 &114491993723008276
MonoBehaviour:
  m_ObjectHideFlags: 0
  m_CorrespondingSourceObject: {fileID: 0}
  m_PrefabInstance: {fileID: 0}
  m_PrefabAsset: {fileID: 0}
  m_GameObject: {fileID: 1820427384983840}
  m_Enabled: 1
  m_EditorHideFlags: 0
  m_Script: {fileID: 11500000, guid: 93cb9773f2ca04e2bbf7a68ccfc23267, type: 3}
  m_Name: 
  m_EditorClassIdentifier: 
  m_Key: 114491993723008276_9c277744cbf2e4ebeb9949b1e5f15e0a
  m_ItemId: 1014
  m_ParentFlowchartItem: {fileID: 114984043921491396}
  m_WaitUntilFinished:
    m_VariableDataType: 0
    m_Variable: {fileID: 0}
    m_Command: {fileID: 0}
    m_Localize: 0
    m_DataVal: 0
  m_IndentLevel: 0
  m_CommandIndex: 6
--- !u!114 &114967385279866962
MonoBehaviour:
  m_ObjectHideFlags: 0
  m_CorrespondingSourceObject: {fileID: 0}
  m_PrefabInstance: {fileID: 0}
  m_PrefabAsset: {fileID: 0}
  m_GameObject: {fileID: 1820427384983840}
  m_Enabled: 1
  m_EditorHideFlags: 0
  m_Script: {fileID: 11500000, guid: ec422cd568a9c4a31ad7c36d0572b9da, type: 3}
  m_Name: 
  m_EditorClassIdentifier: 
  m_Key: 114967385279866962_9c277744cbf2e4ebeb9949b1e5f15e0a
  m_ItemId: 1015
  m_ParentFlowchartItem: {fileID: 114984043921491396}
  m_WaitUntilFinished:
    m_VariableDataType: 0
    m_Variable: {fileID: 0}
    m_Command: {fileID: 0}
    m_Localize: 0
    m_DataVal: 0
  m_IndentLevel: 1
  m_CommandIndex: 5
  m_DialogUI:
    m_VariableDataType: 0
    m_Variable: {fileID: 0}
    m_Command: {fileID: 0}
    m_Localize: 0
    m_DataVal: {fileID: 0}
  m_Character:
    m_VariableDataType: 0
    m_Variable: {fileID: 0}
    m_Command: {fileID: 0}
    m_Localize: 0
    m_DataVal: {fileID: 11442302, guid: cf31f2e772e6fef489ee05a50487230c, type: 3}
  m_NameText:
    m_VariableDataType: 0
    m_Variable: {fileID: 0}
    m_Command: {fileID: 0}
    m_Localize: 1
    m_DataVal: 
  m_DialogText:
    m_VariableDataType: 1
    m_Variable: {fileID: 114880358924145504}
    m_Command: {fileID: 0}
    m_Localize: 1
    m_DataVal: 
  m_VoiceOver:
    m_VariableDataType: 0
    m_Variable: {fileID: 0}
    m_Command: {fileID: 0}
    m_Localize: 0
    m_DataVal: {fileID: 0}
  m_Portrait:
    m_VariableDataType: 0
    m_Variable: {fileID: 0}
    m_Command: {fileID: 0}
    m_Localize: 0
    m_DataVal: {fileID: 0}
  m_ContinuePrevious:
    m_VariableDataType: 0
    m_Variable: {fileID: 0}
    m_Command: {fileID: 0}
    m_Localize: 0
    m_DataVal: 0
  m_InstantlyAutoAdvance:
    m_VariableDataType: 0
    m_Variable: {fileID: 0}
    m_Command: {fileID: 0}
    m_Localize: 0
    m_DataVal: 0
--- !u!114 &114781651592248920
MonoBehaviour:
  m_ObjectHideFlags: 0
  m_CorrespondingSourceObject: {fileID: 0}
  m_PrefabInstance: {fileID: 0}
  m_PrefabAsset: {fileID: 0}
  m_GameObject: {fileID: 1820427384983840}
  m_Enabled: 1
  m_EditorHideFlags: 0
  m_Script: {fileID: 11500000, guid: 5d02d9822eec54c98afe95bb497211b3, type: 3}
  m_Name: 
  m_EditorClassIdentifier: 
  m_Key: 114781651592248920_9c277744cbf2e4ebeb9949b1e5f15e0a
  m_ItemId: -1
  m_ParentFlowchartItem: {fileID: 114447433329942474}
  m_TemplateVariable: {fileID: 0}
  m_VariableName: isTherapy
  m_Scope: 2
  m_Localize: 0
  m_VariableIndex: 2
  m_Value: 0
--- !u!114 &114108267052260968
MonoBehaviour:
  m_ObjectHideFlags: 0
  m_CorrespondingSourceObject: {fileID: 0}
  m_PrefabInstance: {fileID: 0}
  m_PrefabAsset: {fileID: 0}
  m_GameObject: {fileID: 1820427384983840}
  m_Enabled: 1
  m_EditorHideFlags: 0
  m_Script: {fileID: 11500000, guid: 3fa968f01a7f9496bb50e13dfe16760d, type: 3}
  m_Name: 
  m_EditorClassIdentifier: 
  m_Key: 114108267052260968_9c277744cbf2e4ebeb9949b1e5f15e0a
  m_ItemId: 1016
  m_ParentFlowchartItem: {fileID: 114331436856589594}
  m_WaitUntilFinished:
    m_VariableDataType: 0
    m_Variable: {fileID: 0}
    m_Command: {fileID: 0}
    m_Localize: 0
    m_DataVal: 0
  m_IndentLevel: 0
  m_CommandIndex: 3
--- !u!114 &114704200277863846
MonoBehaviour:
  m_ObjectHideFlags: 0
  m_CorrespondingSourceObject: {fileID: 0}
  m_PrefabInstance: {fileID: 0}
  m_PrefabAsset: {fileID: 0}
  m_GameObject: {fileID: 1820427384983840}
  m_Enabled: 1
  m_EditorHideFlags: 0
  m_Script: {fileID: 11500000, guid: 4580f28dd8581476b810b38eea2f1316, type: 3}
  m_Name: 
  m_EditorClassIdentifier: 
  m_Key: 114704200277863846_9c277744cbf2e4ebeb9949b1e5f15e0a
  m_ItemId: -1
  m_ParentFlowchartItem: {fileID: 0}
  m_TemplateVariable: {fileID: 0}
  m_VariableName: EllaWelcome
  m_Scope: 2
  m_Localize: 1
  m_VariableIndex: 7
  m_Value: '{pleased}Come in and have a seat, John.'
--- !u!114 &114208232606184860
MonoBehaviour:
  m_ObjectHideFlags: 0
  m_CorrespondingSourceObject: {fileID: 0}
  m_PrefabInstance: {fileID: 0}
  m_PrefabAsset: {fileID: 0}
  m_GameObject: {fileID: 1820427384983840}
  m_Enabled: 1
  m_EditorHideFlags: 0
  m_Script: {fileID: 11500000, guid: 4580f28dd8581476b810b38eea2f1316, type: 3}
  m_Name: 
  m_EditorClassIdentifier: 
  m_Key: 114208232606184860_9c277744cbf2e4ebeb9949b1e5f15e0a
  m_ItemId: -1
  m_ParentFlowchartItem: {fileID: 0}
  m_TemplateVariable: {fileID: 0}
  m_VariableName: EllaStatChoice
  m_Scope: 2
  m_Localize: 1
  m_VariableIndex: 8
  m_Value: We have a little bit of time left. Is there anything else you'd like to
    work on today?
