%YAML 1.1
%TAG !u! tag:unity3d.com,2011:
--- !u!1 &1081352670234354
GameObject:
  m_ObjectHideFlags: 0
  m_CorrespondingSourceObject: {fileID: 0}
  m_PrefabInstance: {fileID: 0}
  m_PrefabAsset: {fileID: 0}
  serializedVersion: 6
  m_Component:
  - component: {fileID: 4604746993493314}
  - component: {fileID: 114635493363134048}
  - component: {fileID: 114200724567975126}
  - component: {fileID: 114900243952816802}
  - component: {fileID: 114148777464121222}
  - component: {fileID: 114570060215224670}
  - component: {fileID: 114149282965256414}
  - component: {fileID: 114213771803420862}
  - component: {fileID: 114524750590495212}
  - component: {fileID: 114168524612314320}
  - component: {fileID: 114926759620765550}
  - component: {fileID: 114277512506636252}
  - component: {fileID: 114898541193233918}
  - component: {fileID: 114797614750428434}
  - component: {fileID: 114818053155658406}
  - component: {fileID: 114239162685741246}
  - component: {fileID: 114841221401112128}
  - component: {fileID: 114924690517730492}
  - component: {fileID: 114353760995607270}
  - component: {fileID: 114753482050273316}
  - component: {fileID: 114888798734520128}
  - component: {fileID: 114878801880325928}
  - component: {fileID: 114440986923369928}
  - component: {fileID: 114722619020184252}
  - component: {fileID: 114753333773689462}
  - component: {fileID: 114546674419905206}
  - component: {fileID: 114503697513657900}
  - component: {fileID: 114356999016586164}
  - component: {fileID: 114756832184386484}
  - component: {fileID: 114988718112765046}
  - component: {fileID: 114081869064346232}
  m_Layer: 0
  m_Name: StatCheckTemplate
  m_TagString: Untagged
  m_Icon: {fileID: 0}
  m_NavMeshLayer: 0
  m_StaticEditorFlags: 0
  m_IsActive: 1
--- !u!4 &4604746993493314
Transform:
  m_ObjectHideFlags: 0
  m_CorrespondingSourceObject: {fileID: 0}
  m_PrefabInstance: {fileID: 0}
  m_PrefabAsset: {fileID: 0}
  m_GameObject: {fileID: 1081352670234354}
  m_LocalRotation: {x: -0, y: -0, z: -0, w: 1}
  m_LocalPosition: {x: 0, y: 0, z: 0}
  m_LocalScale: {x: 1, y: 1, z: 1}
  m_Children: []
  m_Father: {fileID: 0}
  m_RootOrder: 0
  m_LocalEulerAnglesHint: {x: 0, y: 0, z: 0}
--- !u!114 &114635493363134048
MonoBehaviour:
  m_ObjectHideFlags: 0
  m_CorrespondingSourceObject: {fileID: 0}
  m_PrefabInstance: {fileID: 0}
  m_PrefabAsset: {fileID: 0}
  m_GameObject: {fileID: 1081352670234354}
  m_Enabled: 1
  m_EditorHideFlags: 0
  m_Script: {fileID: 11500000, guid: 7a334fe2ffb574b3583ff3b18b4792d3, type: 3}
  m_Name: 
  m_EditorClassIdentifier: 
  m_Key: 114635493363134048_7e623464452a342ef834bc069e5e0e6f
  m_Version: 1.0
  m_TemplateFlowchart: {fileID: 0}
  m_Description: 
  m_StepPause: 0
  m_PauseOnEnable: 0
  m_HideComponents: 1
  m_Logging: 0
  m_NodePosition: {x: 0, y: 0}
  m_Blocks:
  - {fileID: 114200724567975126}
  - {fileID: 114524750590495212}
  - {fileID: 114841221401112128}
  - {fileID: 114353760995607270}
  - {fileID: 114878801880325928}
  m_Variables:
  - {fileID: 114149282965256414}
  - {fileID: 114213771803420862}
  - {fileID: 114898541193233918}
  - {fileID: 114900243952816802}
  - {fileID: 114753333773689462}
  - {fileID: 114148777464121222}
  - {fileID: 114888798734520128}
--- !u!114 &114200724567975126
MonoBehaviour:
  m_ObjectHideFlags: 0
  m_CorrespondingSourceObject: {fileID: 0}
  m_PrefabInstance: {fileID: 0}
  m_PrefabAsset: {fileID: 0}
  m_GameObject: {fileID: 1081352670234354}
  m_Enabled: 1
  m_EditorHideFlags: 0
  m_Script: {fileID: 11500000, guid: 3d3d73aef2cfc4f51abf34ac00241f60, type: 3}
  m_Name: 
  m_EditorClassIdentifier: 
  m_Key: 114200724567975126_7e623464452a342ef834bc069e5e0e6f
  m_ItemId: 1
  m_ParentFlowchartItem: {fileID: 0}
  m_TemplateBlock: {fileID: 0}
  m_NodePosition: {x: 350, y: 330}
  m_BlockName: STAT CHECK
  m_Scope: 0
  m_Description: 
  m_Parameters: []
  m_ReturnTypeName: 
  m_EventHandler: {fileID: 0}
  m_Commands:
  - {fileID: 114356999016586164}
  - {fileID: 114756832184386484}
  - {fileID: 114570060215224670}
  - {fileID: 114722619020184252}
  - {fileID: 114239162685741246}
  - {fileID: 114924690517730492}
--- !u!114 &114900243952816802
MonoBehaviour:
  m_ObjectHideFlags: 0
  m_CorrespondingSourceObject: {fileID: 0}
  m_PrefabInstance: {fileID: 0}
  m_PrefabAsset: {fileID: 0}
  m_GameObject: {fileID: 1081352670234354}
  m_Enabled: 1
  m_EditorHideFlags: 0
  m_Script: {fileID: 11500000, guid: cf67d97824e8c45c5b26fe72bfef82ed, type: 3}
  m_Name: 
  m_EditorClassIdentifier: 
  m_Key: 114900243952816802_7e623464452a342ef834bc069e5e0e6f
  m_ItemId: -1
  m_ParentFlowchartItem: {fileID: 114926759620765550}
  m_TemplateVariable: {fileID: 0}
  m_VariableName: StatCheckIcon
  m_Scope: 0
  m_Localize: 0
  m_VariableIndex: 3
  m_Value: {fileID: 0}
--- !u!114 &114148777464121222
MonoBehaviour:
  m_ObjectHideFlags: 0
  m_CorrespondingSourceObject: {fileID: 0}
  m_PrefabInstance: {fileID: 0}
  m_PrefabAsset: {fileID: 0}
  m_GameObject: {fileID: 1081352670234354}
  m_Enabled: 1
  m_EditorHideFlags: 0
  m_Script: {fileID: 11500000, guid: c025397cef947fa4092ac7d21f0d7537, type: 3}
  m_Name: 
  m_EditorClassIdentifier: 
  m_Key: 114148777464121222_7e623464452a342ef834bc069e5e0e6f
  m_ItemId: -1
  m_ParentFlowchartItem: {fileID: 0}
  m_TemplateVariable: {fileID: 0}
  m_VariableName: StatType
  m_Scope: 1
  m_Localize: 0
  m_VariableIndex: 5
  m_Value: {fileID: 0}
--- !u!114 &114570060215224670
MonoBehaviour:
  m_ObjectHideFlags: 0
  m_CorrespondingSourceObject: {fileID: 0}
  m_PrefabInstance: {fileID: 0}
  m_PrefabAsset: {fileID: 0}
  m_GameObject: {fileID: 1081352670234354}
  m_Enabled: 1
  m_EditorHideFlags: 0
  m_Script: {fileID: 11500000, guid: 70c5622b8a80845c980954170295f292, type: 3}
  m_Name: 
  m_EditorClassIdentifier: 
  m_Key: 114570060215224670_7e623464452a342ef834bc069e5e0e6f
  m_ItemId: 6
  m_ParentFlowchartItem: {fileID: 114200724567975126}
  m_WaitUntilFinished:
    m_VariableDataType: 0
    m_Variable: {fileID: 0}
    m_Command: {fileID: 0}
    m_Localize: 0
    m_DataVal: 0
  m_IndentLevel: 0
  m_CommandIndex: 2
  m_Conditions:
  - m_VariableData:
      m_VariableDataType: 1
      m_Variable: {fileID: 114149282965256414}
      m_Command: {fileID: 0}
      m_Localize: 0
    m_CompareOperator: 2
    m_Value:
      m_VariableDataType: 1
      m_Variable: {fileID: 114213771803420862}
      m_Command: {fileID: 0}
      m_Localize: 0
      m_DataVal:
        m_ValueTypeName: System.Int32, mscorlib
        m_UseDynamicValueType: 0
        m_SerializedValue: 0
        m_ObjectReferenceValue: {fileID: 0}
        m_ObjectReferenceListValue: []
  m_CheckIf: 0
--- !u!114 &114149282965256414
MonoBehaviour:
  m_ObjectHideFlags: 0
  m_CorrespondingSourceObject: {fileID: 0}
  m_PrefabInstance: {fileID: 0}
  m_PrefabAsset: {fileID: 0}
  m_GameObject: {fileID: 1081352670234354}
  m_Enabled: 1
  m_EditorHideFlags: 0
  m_Script: {fileID: 11500000, guid: afb91b566ceda411bad1e9d3c3243ecc, type: 3}
  m_Name: 
  m_EditorClassIdentifier: 
  m_Key: 114149282965256414_7e623464452a342ef834bc069e5e0e6f
  m_ItemId: -1
  m_ParentFlowchartItem: {fileID: 114356999016586164}
  m_TemplateVariable: {fileID: 0}
  m_VariableName: StatPoints
  m_Scope: 0
  m_Localize: 0
  m_VariableIndex: 0
  m_Value: 0
--- !u!114 &114213771803420862
MonoBehaviour:
  m_ObjectHideFlags: 0
  m_CorrespondingSourceObject: {fileID: 0}
  m_PrefabInstance: {fileID: 0}
  m_PrefabAsset: {fileID: 0}
  m_GameObject: {fileID: 1081352670234354}
  m_Enabled: 1
  m_EditorHideFlags: 0
  m_Script: {fileID: 11500000, guid: afb91b566ceda411bad1e9d3c3243ecc, type: 3}
  m_Name: 
  m_EditorClassIdentifier: 
  m_Key: 114213771803420862_7e623464452a342ef834bc069e5e0e6f
  m_ItemId: -1
  m_ParentFlowchartItem: {fileID: 114756832184386484}
  m_TemplateVariable: {fileID: 0}
  m_VariableName: StatCheck
  m_Scope: 0
  m_Localize: 0
  m_VariableIndex: 1
  m_Value: 0
--- !u!114 &114524750590495212
MonoBehaviour:
  m_ObjectHideFlags: 0
  m_CorrespondingSourceObject: {fileID: 0}
  m_PrefabInstance: {fileID: 0}
  m_PrefabAsset: {fileID: 0}
  m_GameObject: {fileID: 1081352670234354}
  m_Enabled: 1
  m_EditorHideFlags: 0
  m_Script: {fileID: 11500000, guid: 3d3d73aef2cfc4f51abf34ac00241f60, type: 3}
  m_Name: 
  m_EditorClassIdentifier: 
  m_Key: 114524750590495212_7e623464452a342ef834bc069e5e0e6f
  m_ItemId: 12
  m_ParentFlowchartItem: {fileID: 0}
  m_TemplateBlock: {fileID: 0}
  m_NodePosition: {x: 350, y: 60}
  m_BlockName: SETUP
  m_Scope: 0
  m_Description: In the Inspector Window, add the Template Flowchart that matches
    the type of stat check
  m_Parameters: []
  m_ReturnTypeName: 
  m_EventHandler: {fileID: 114168524612314320}
  m_Commands:
  - {fileID: 114926759620765550}
  - {fileID: 114797614750428434}
--- !u!114 &114168524612314320
MonoBehaviour:
  m_ObjectHideFlags: 0
  m_CorrespondingSourceObject: {fileID: 0}
  m_PrefabInstance: {fileID: 0}
  m_PrefabAsset: {fileID: 0}
  m_GameObject: {fileID: 1081352670234354}
  m_Enabled: 1
  m_EditorHideFlags: 0
  m_Script: {fileID: 11500000, guid: 8ff5d850a887844fe87ae7d366d3ab5e, type: 3}
  m_Name: 
  m_EditorClassIdentifier: 
  m_Key: 114168524612314320_7e623464452a342ef834bc069e5e0e6f
  m_ItemId: 13
  m_ParentFlowchartItem: {fileID: 114524750590495212}
--- !u!114 &114926759620765550
MonoBehaviour:
  m_ObjectHideFlags: 0
  m_CorrespondingSourceObject: {fileID: 0}
  m_PrefabInstance: {fileID: 0}
  m_PrefabAsset: {fileID: 0}
  m_GameObject: {fileID: 1081352670234354}
  m_Enabled: 1
  m_EditorHideFlags: 0
  m_Script: {fileID: 11500000, guid: fb77d0ce495044f6e9feb91b31798e8c, type: 3}
  m_Name: 
  m_EditorClassIdentifier: 
  m_Key: 114926759620765550_7e623464452a342ef834bc069e5e0e6f
  m_ItemId: 17
  m_ParentFlowchartItem: {fileID: 114524750590495212}
  m_WaitUntilFinished:
    m_VariableDataType: 0
    m_Variable: {fileID: 0}
    m_Command: {fileID: 0}
    m_Localize: 0
    m_DataVal: 0
  m_IndentLevel: 0
  m_CommandIndex: 0
  m_Variable: {fileID: 114900243952816802}
  m_Operation: 0
  m_Value:
    m_VariableDataType: 2
    m_Variable: {fileID: 0}
    m_Command: {fileID: 114277512506636252}
    m_Localize: 0
    m_DataVal:
      m_ValueTypeName: UnityEngine.Sprite, UnityEngine.CoreModule
      m_UseDynamicValueType: 0
      m_SerializedValue: 
      m_ObjectReferenceValue: {fileID: 0}
      m_ObjectReferenceListValue: []
--- !u!114 &114277512506636252
MonoBehaviour:
  m_ObjectHideFlags: 0
  m_CorrespondingSourceObject: {fileID: 0}
  m_PrefabInstance: {fileID: 0}
  m_PrefabAsset: {fileID: 0}
  m_GameObject: {fileID: 1081352670234354}
  m_Enabled: 1
  m_EditorHideFlags: 0
  m_Script: {fileID: 11500000, guid: 79625b28df582bb458788419c73b55f3, type: 3}
  m_Name: 
  m_EditorClassIdentifier: 
  m_Key: 114277512506636252_7e623464452a342ef834bc069e5e0e6f
  m_ItemId: 24
  m_ParentFlowchartItem: {fileID: 114926759620765550}
  m_WaitUntilFinished:
    m_VariableDataType: 0
    m_Variable: {fileID: 0}
    m_Command: {fileID: 0}
    m_Localize: 0
    m_DataVal: 0
  m_IndentLevel: 0
  m_CommandIndex: -1
  m_Flowchart:
    m_VariableDataType: 1
    m_Variable: {fileID: 114148777464121222}
    m_Command: {fileID: 0}
    m_Localize: 0
    m_DataVal: {fileID: 0}
  m_TemplateVariable: {fileID: 114408431085090686, guid: 9ff58cf766d9a412c9b98d54ee27479c,
    type: 3}
  m_ReturnVariable: {fileID: 0}
--- !u!114 &114898541193233918
MonoBehaviour:
  m_ObjectHideFlags: 0
  m_CorrespondingSourceObject: {fileID: 0}
  m_PrefabInstance: {fileID: 0}
  m_PrefabAsset: {fileID: 0}
  m_GameObject: {fileID: 1081352670234354}
  m_Enabled: 1
  m_EditorHideFlags: 0
  m_Script: {fileID: 11500000, guid: 4580f28dd8581476b810b38eea2f1316, type: 3}
  m_Name: 
  m_EditorClassIdentifier: 
  m_Key: 114898541193233918_7e623464452a342ef834bc069e5e0e6f
  m_ItemId: -1
  m_ParentFlowchartItem: {fileID: 114797614750428434}
  m_TemplateVariable: {fileID: 0}
  m_VariableName: StatName
  m_Scope: 0
  m_Localize: 0
  m_VariableIndex: 2
  m_Value: 
--- !u!114 &114797614750428434
MonoBehaviour:
  m_ObjectHideFlags: 0
  m_CorrespondingSourceObject: {fileID: 0}
  m_PrefabInstance: {fileID: 0}
  m_PrefabAsset: {fileID: 0}
  m_GameObject: {fileID: 1081352670234354}
  m_Enabled: 1
  m_EditorHideFlags: 0
  m_Script: {fileID: 11500000, guid: fb77d0ce495044f6e9feb91b31798e8c, type: 3}
  m_Name: 
  m_EditorClassIdentifier: 
  m_Key: 114797614750428434_7e623464452a342ef834bc069e5e0e6f
  m_ItemId: 18
  m_ParentFlowchartItem: {fileID: 114524750590495212}
  m_WaitUntilFinished:
    m_VariableDataType: 0
    m_Variable: {fileID: 0}
    m_Command: {fileID: 0}
    m_Localize: 0
    m_DataVal: 0
  m_IndentLevel: 0
  m_CommandIndex: 1
  m_Variable: {fileID: 114898541193233918}
  m_Operation: 0
  m_Value:
    m_VariableDataType: 2
    m_Variable: {fileID: 0}
    m_Command: {fileID: 114818053155658406}
    m_Localize: 0
    m_DataVal:
      m_ValueTypeName: System.String, mscorlib
      m_UseDynamicValueType: 0
      m_SerializedValue: '""'
      m_ObjectReferenceValue: {fileID: 0}
      m_ObjectReferenceListValue: []
--- !u!114 &114818053155658406
MonoBehaviour:
  m_ObjectHideFlags: 0
  m_CorrespondingSourceObject: {fileID: 0}
  m_PrefabInstance: {fileID: 0}
  m_PrefabAsset: {fileID: 0}
  m_GameObject: {fileID: 1081352670234354}
  m_Enabled: 1
  m_EditorHideFlags: 0
  m_Script: {fileID: 11500000, guid: 79625b28df582bb458788419c73b55f3, type: 3}
  m_Name: 
  m_EditorClassIdentifier: 
  m_Key: 114818053155658406_7e623464452a342ef834bc069e5e0e6f
  m_ItemId: 25
  m_ParentFlowchartItem: {fileID: 114797614750428434}
  m_WaitUntilFinished:
    m_VariableDataType: 0
    m_Variable: {fileID: 0}
    m_Command: {fileID: 0}
    m_Localize: 0
    m_DataVal: 0
  m_IndentLevel: 0
  m_CommandIndex: -1
  m_Flowchart:
    m_VariableDataType: 1
    m_Variable: {fileID: 114148777464121222}
    m_Command: {fileID: 0}
    m_Localize: 0
    m_DataVal: {fileID: 0}
  m_TemplateVariable: {fileID: 114154414502212596, guid: 9ff58cf766d9a412c9b98d54ee27479c,
    type: 3}
  m_ReturnVariable: {fileID: 0}
--- !u!114 &114239162685741246
MonoBehaviour:
  m_ObjectHideFlags: 0
  m_CorrespondingSourceObject: {fileID: 0}
  m_PrefabInstance: {fileID: 0}
  m_PrefabAsset: {fileID: 0}
  m_GameObject: {fileID: 1081352670234354}
  m_Enabled: 1
  m_EditorHideFlags: 0
  m_Script: {fileID: 11500000, guid: 3fa968f01a7f9496bb50e13dfe16760d, type: 3}
  m_Name: 
  m_EditorClassIdentifier: 
  m_Key: 114239162685741246_7e623464452a342ef834bc069e5e0e6f
  m_ItemId: 19
  m_ParentFlowchartItem: {fileID: 114200724567975126}
  m_WaitUntilFinished:
    m_VariableDataType: 0
    m_Variable: {fileID: 0}
    m_Command: {fileID: 0}
    m_Localize: 0
    m_DataVal: 0
  m_IndentLevel: 0
  m_CommandIndex: 4
--- !u!114 &114841221401112128
MonoBehaviour:
  m_ObjectHideFlags: 0
  m_CorrespondingSourceObject: {fileID: 0}
  m_PrefabInstance: {fileID: 0}
  m_PrefabAsset: {fileID: 0}
  m_GameObject: {fileID: 1081352670234354}
  m_Enabled: 1
  m_EditorHideFlags: 0
  m_Script: {fileID: 11500000, guid: 3d3d73aef2cfc4f51abf34ac00241f60, type: 3}
  m_Name: 
  m_EditorClassIdentifier: 
  m_Key: 114841221401112128_7e623464452a342ef834bc069e5e0e6f
  m_ItemId: 20
  m_ParentFlowchartItem: {fileID: 0}
  m_TemplateBlock: {fileID: 0}
  m_NodePosition: {x: 190, y: 430}
  m_BlockName: STAT CHECK PASSED
  m_Scope: 1
  m_Description: Add dialog that follows after the stat check is passed
  m_Parameters: []
  m_ReturnTypeName: 
  m_EventHandler: {fileID: 0}
  m_Commands: []
--- !u!114 &114924690517730492
MonoBehaviour:
  m_ObjectHideFlags: 0
  m_CorrespondingSourceObject: {fileID: 0}
  m_PrefabInstance: {fileID: 0}
  m_PrefabAsset: {fileID: 0}
  m_GameObject: {fileID: 1081352670234354}
  m_Enabled: 1
  m_EditorHideFlags: 0
  m_Script: {fileID: 11500000, guid: 050fb9e6e72f442b3b883da8a965bdeb, type: 3}
  m_Name: 
  m_EditorClassIdentifier: 
  m_Key: 114924690517730492_7e623464452a342ef834bc069e5e0e6f
  m_ItemId: 21
  m_ParentFlowchartItem: {fileID: 114200724567975126}
  m_WaitUntilFinished:
    m_VariableDataType: 0
    m_Variable: {fileID: 0}
    m_Command: {fileID: 0}
    m_Localize: 0
    m_DataVal: 0
  m_IndentLevel: 1
  m_CommandIndex: 5
  m_TargetBlock:
    m_VariableDataType: 0
    m_Variable: {fileID: 0}
    m_Command: {fileID: 0}
    m_Localize: 0
    m_DataVal: {fileID: 114841221401112128}
  m_CallMode:
    m_VariableDataType: 0
    m_Variable: {fileID: 0}
    m_Command: {fileID: 0}
    m_Localize: 0
    m_DataVal: 1
  m_Parameters: []
  m_ReturnVariable: {fileID: 0}
  m_Description: 
--- !u!114 &114353760995607270
MonoBehaviour:
  m_ObjectHideFlags: 0
  m_CorrespondingSourceObject: {fileID: 0}
  m_PrefabInstance: {fileID: 0}
  m_PrefabAsset: {fileID: 0}
  m_GameObject: {fileID: 1081352670234354}
  m_Enabled: 1
  m_EditorHideFlags: 0
  m_Script: {fileID: 11500000, guid: 3d3d73aef2cfc4f51abf34ac00241f60, type: 3}
  m_Name: 
  m_EditorClassIdentifier: 
  m_Key: 114353760995607270_7e623464452a342ef834bc069e5e0e6f
  m_ItemId: 31
  m_ParentFlowchartItem: {fileID: 0}
  m_TemplateBlock: {fileID: 0}
  m_NodePosition: {x: 350, y: 190}
  m_BlockName: STAT CHECK CHOICE
  m_Scope: 2
  m_Description: Add the choice text that requires a stat check in variables
  m_Parameters: []
  m_ReturnTypeName: 
  m_EventHandler: {fileID: 0}
  m_Commands:
  - {fileID: 114546674419905206}
  - {fileID: 114753482050273316}
--- !u!114 &114753482050273316
MonoBehaviour:
  m_ObjectHideFlags: 0
  m_CorrespondingSourceObject: {fileID: 0}
  m_PrefabInstance: {fileID: 0}
  m_PrefabAsset: {fileID: 0}
  m_GameObject: {fileID: 1081352670234354}
  m_Enabled: 1
  m_EditorHideFlags: 0
  m_Script: {fileID: 11500000, guid: b2526a617f1b3f94fa98a664d9cba368, type: 3}
  m_Name: 
  m_EditorClassIdentifier: 
  m_Key: 114753482050273316_7e623464452a342ef834bc069e5e0e6f
  m_ItemId: 32
  m_ParentFlowchartItem: {fileID: 114353760995607270}
  m_WaitUntilFinished:
    m_VariableDataType: 0
    m_Variable: {fileID: 0}
    m_Command: {fileID: 0}
    m_Localize: 0
    m_DataVal: 0
  m_IndentLevel: 0
  m_CommandIndex: 1
  m_DialogUI:
    m_VariableDataType: 0
    m_Variable: {fileID: 0}
    m_Command: {fileID: 0}
    m_Localize: 0
    m_DataVal: {fileID: 11415124, guid: 30bb32479a4113b49afebd960c53dbbb, type: 3}
  m_Text:
    m_VariableDataType: 1
    m_Variable: {fileID: 114888798734520128}
    m_Command: {fileID: 0}
    m_Localize: 1
    m_DataVal: 
  m_Icon:
    m_VariableDataType: 1
    m_Variable: {fileID: 114900243952816802}
    m_Command: {fileID: 0}
    m_Localize: 0
    m_DataVal: {fileID: 0}
  m_TargetBlock:
    m_VariableDataType: 0
    m_Variable: {fileID: 0}
    m_Command: {fileID: 0}
    m_Localize: 0
    m_DataVal: {fileID: 114200724567975126}
  m_CallMode:
    m_VariableDataType: 0
    m_Variable: {fileID: 0}
    m_Command: {fileID: 0}
    m_Localize: 0
    m_DataVal: 0
  m_Description: 
--- !u!114 &114888798734520128
MonoBehaviour:
  m_ObjectHideFlags: 0
  m_CorrespondingSourceObject: {fileID: 0}
  m_PrefabInstance: {fileID: 0}
  m_PrefabAsset: {fileID: 0}
  m_GameObject: {fileID: 1081352670234354}
  m_Enabled: 1
  m_EditorHideFlags: 0
  m_Script: {fileID: 11500000, guid: 4580f28dd8581476b810b38eea2f1316, type: 3}
  m_Name: 
  m_EditorClassIdentifier: 
  m_Key: 114888798734520128_7e623464452a342ef834bc069e5e0e6f
  m_ItemId: -1
  m_ParentFlowchartItem: {fileID: 114753482050273316}
  m_TemplateVariable: {fileID: 0}
  m_VariableName: StatCheckChoice
  m_Scope: 1
  m_Localize: 1
  m_VariableIndex: 6
  m_Value: 
--- !u!114 &114878801880325928
MonoBehaviour:
  m_ObjectHideFlags: 0
  m_CorrespondingSourceObject: {fileID: 0}
  m_PrefabInstance: {fileID: 0}
  m_PrefabAsset: {fileID: 0}
  m_GameObject: {fileID: 1081352670234354}
  m_Enabled: 1
  m_EditorHideFlags: 0
  m_Script: {fileID: 11500000, guid: 3d3d73aef2cfc4f51abf34ac00241f60, type: 3}
  m_Name: 
  m_EditorClassIdentifier: 
  m_Key: 114878801880325928_7e623464452a342ef834bc069e5e0e6f
  m_ItemId: 35
  m_ParentFlowchartItem: {fileID: 0}
  m_TemplateBlock: {fileID: 0}
  m_NodePosition: {x: 500, y: 430}
  m_BlockName: STAT CHECK FAILED
  m_Scope: 0
  m_Description: 
  m_Parameters: []
  m_ReturnTypeName: 
  m_EventHandler: {fileID: 0}
  m_Commands:
  - {fileID: 114440986923369928}
  - {fileID: 114503697513657900}
--- !u!114 &114440986923369928
MonoBehaviour:
  m_ObjectHideFlags: 0
  m_CorrespondingSourceObject: {fileID: 0}
  m_PrefabInstance: {fileID: 0}
  m_PrefabAsset: {fileID: 0}
  m_GameObject: {fileID: 1081352670234354}
  m_Enabled: 1
  m_EditorHideFlags: 0
  m_Script: {fileID: 11500000, guid: ec422cd568a9c4a31ad7c36d0572b9da, type: 3}
  m_Name: 
  m_EditorClassIdentifier: 
  m_Key: 114440986923369928_7e623464452a342ef834bc069e5e0e6f
  m_ItemId: 36
  m_ParentFlowchartItem: {fileID: 114878801880325928}
  m_WaitUntilFinished:
    m_VariableDataType: 0
    m_Variable: {fileID: 0}
    m_Command: {fileID: 0}
    m_Localize: 0
    m_DataVal: 0
  m_IndentLevel: 0
  m_CommandIndex: 0
  m_DialogUI:
    m_VariableDataType: 0
    m_Variable: {fileID: 0}
    m_Command: {fileID: 0}
    m_Localize: 0
    m_DataVal: {fileID: 0}
  m_Character:
    m_VariableDataType: 0
    m_Variable: {fileID: 0}
    m_Command: {fileID: 0}
    m_Localize: 0
    m_DataVal: {fileID: 0}
  m_NameText:
    m_VariableDataType: 0
    m_Variable: {fileID: 0}
    m_Command: {fileID: 0}
    m_Localize: 0
    m_DataVal: 
  m_DialogText:
    m_VariableDataType: 1
    m_Variable: {fileID: 114233842334263142, guid: 119c0a20961174d99a08d4cf8bf937d6,
      type: 3}
    m_Command: {fileID: 0}
    m_Localize: 1
    m_DataVal: 
  m_VoiceOver:
    m_VariableDataType: 0
    m_Variable: {fileID: 0}
    m_Command: {fileID: 0}
    m_Localize: 0
    m_DataVal: {fileID: 0}
  m_Portrait:
    m_VariableDataType: 0
    m_Variable: {fileID: 0}
    m_Command: {fileID: 0}
    m_Localize: 0
    m_DataVal: {fileID: 0}
  m_ContinuePrevious:
    m_VariableDataType: 0
    m_Variable: {fileID: 0}
    m_Command: {fileID: 0}
    m_Localize: 0
    m_DataVal: 0
  m_InstantlyAutoAdvance:
    m_VariableDataType: 0
    m_Variable: {fileID: 0}
    m_Command: {fileID: 0}
    m_Localize: 0
    m_DataVal: 0
--- !u!114 &114722619020184252
MonoBehaviour:
  m_ObjectHideFlags: 0
  m_CorrespondingSourceObject: {fileID: 0}
  m_PrefabInstance: {fileID: 0}
  m_PrefabAsset: {fileID: 0}
  m_GameObject: {fileID: 1081352670234354}
  m_Enabled: 1
  m_EditorHideFlags: 0
  m_Script: {fileID: 11500000, guid: 050fb9e6e72f442b3b883da8a965bdeb, type: 3}
  m_Name: 
  m_EditorClassIdentifier: 
  m_Key: 114722619020184252_7e623464452a342ef834bc069e5e0e6f
  m_ItemId: 37
  m_ParentFlowchartItem: {fileID: 114200724567975126}
  m_WaitUntilFinished:
    m_VariableDataType: 0
    m_Variable: {fileID: 0}
    m_Command: {fileID: 0}
    m_Localize: 0
    m_DataVal: 0
  m_IndentLevel: 1
  m_CommandIndex: 3
  m_TargetBlock:
    m_VariableDataType: 0
    m_Variable: {fileID: 0}
    m_Command: {fileID: 0}
    m_Localize: 0
    m_DataVal: {fileID: 114878801880325928}
  m_CallMode:
    m_VariableDataType: 0
    m_Variable: {fileID: 0}
    m_Command: {fileID: 0}
    m_Localize: 0
    m_DataVal: 1
  m_Parameters: []
  m_ReturnVariable: {fileID: 0}
  m_Description: 
--- !u!114 &114753333773689462
MonoBehaviour:
  m_ObjectHideFlags: 0
  m_CorrespondingSourceObject: {fileID: 0}
  m_PrefabInstance: {fileID: 0}
  m_PrefabAsset: {fileID: 0}
  m_GameObject: {fileID: 1081352670234354}
  m_Enabled: 1
  m_EditorHideFlags: 0
  m_Script: {fileID: 11500000, guid: 1d49c02cdd1924c489686e4801d3b38e, type: 3}
  m_Name: 
  m_EditorClassIdentifier: 
  m_Key: 114753333773689462_7e623464452a342ef834bc069e5e0e6f
  m_ItemId: -1
  m_ParentFlowchartItem: {fileID: 114546674419905206}
  m_TemplateVariable: {fileID: 0}
  m_VariableName: CallingBlock
  m_Scope: 0
  m_Localize: 0
  m_VariableIndex: 4
  m_Value: {fileID: 0}
--- !u!114 &114546674419905206
MonoBehaviour:
  m_ObjectHideFlags: 0
  m_CorrespondingSourceObject: {fileID: 0}
  m_PrefabInstance: {fileID: 0}
  m_PrefabAsset: {fileID: 0}
  m_GameObject: {fileID: 1081352670234354}
  m_Enabled: 1
  m_EditorHideFlags: 0
  m_Script: {fileID: 11500000, guid: d9971d77cbd317343ab25bef6daaa6b5, type: 3}
  m_Name: 
  m_EditorClassIdentifier: 
  m_Key: 114546674419905206_7e623464452a342ef834bc069e5e0e6f
  m_ItemId: 40
  m_ParentFlowchartItem: {fileID: 114353760995607270}
  m_WaitUntilFinished:
    m_VariableDataType: 0
    m_Variable: {fileID: 0}
    m_Command: {fileID: 0}
    m_Localize: 0
    m_DataVal: 0
  m_IndentLevel: 0
  m_CommandIndex: 0
  m_ReturnVariable: {fileID: 114753333773689462}
--- !u!114 &114503697513657900
MonoBehaviour:
  m_ObjectHideFlags: 0
  m_CorrespondingSourceObject: {fileID: 0}
  m_PrefabInstance: {fileID: 0}
  m_PrefabAsset: {fileID: 0}
  m_GameObject: {fileID: 1081352670234354}
  m_Enabled: 1
  m_EditorHideFlags: 0
  m_Script: {fileID: 11500000, guid: 9ec10331833ff5047beb3bc363aa498d, type: 3}
  m_Name: 
  m_EditorClassIdentifier: 
  m_Key: 114503697513657900_7e623464452a342ef834bc069e5e0e6f
  m_ItemId: 42
  m_ParentFlowchartItem: {fileID: 114878801880325928}
  m_WaitUntilFinished:
    m_VariableDataType: 0
    m_Variable: {fileID: 0}
    m_Command: {fileID: 0}
    m_Localize: 0
    m_DataVal: 0
  m_IndentLevel: 0
  m_CommandIndex: 1
  m_Block:
    m_VariableDataType: 1
    m_Variable: {fileID: 114753333773689462}
    m_Command: {fileID: 0}
    m_Localize: 0
    m_DataVal: {fileID: 0}
  m_Description: 
--- !u!114 &114356999016586164
MonoBehaviour:
  m_ObjectHideFlags: 0
  m_CorrespondingSourceObject: {fileID: 0}
  m_PrefabInstance: {fileID: 0}
  m_PrefabAsset: {fileID: 0}
  m_GameObject: {fileID: 1081352670234354}
  m_Enabled: 1
  m_EditorHideFlags: 0
  m_Script: {fileID: 11500000, guid: fb77d0ce495044f6e9feb91b31798e8c, type: 3}
  m_Name: 
  m_EditorClassIdentifier: 
  m_Key: 114356999016586164_7e623464452a342ef834bc069e5e0e6f
  m_ItemId: 43
  m_ParentFlowchartItem: {fileID: 114200724567975126}
  m_WaitUntilFinished:
    m_VariableDataType: 0
    m_Variable: {fileID: 0}
    m_Command: {fileID: 0}
    m_Localize: 0
    m_DataVal: 0
  m_IndentLevel: 0
  m_CommandIndex: 0
  m_Variable: {fileID: 114149282965256414}
  m_Operation: 0
  m_Value:
    m_VariableDataType: 2
    m_Variable: {fileID: 0}
    m_Command: {fileID: 114988718112765046}
    m_Localize: 0
    m_DataVal:
      m_ValueTypeName: System.Int32, mscorlib
      m_UseDynamicValueType: 0
      m_SerializedValue: 0
      m_ObjectReferenceValue: {fileID: 0}
      m_ObjectReferenceListValue: []
--- !u!114 &114756832184386484
MonoBehaviour:
  m_ObjectHideFlags: 0
  m_CorrespondingSourceObject: {fileID: 0}
  m_PrefabInstance: {fileID: 0}
  m_PrefabAsset: {fileID: 0}
  m_GameObject: {fileID: 1081352670234354}
  m_Enabled: 1
  m_EditorHideFlags: 0
  m_Script: {fileID: 11500000, guid: fb77d0ce495044f6e9feb91b31798e8c, type: 3}
  m_Name: 
  m_EditorClassIdentifier: 
  m_Key: 114756832184386484_7e623464452a342ef834bc069e5e0e6f
  m_ItemId: 44
  m_ParentFlowchartItem: {fileID: 114200724567975126}
  m_WaitUntilFinished:
    m_VariableDataType: 0
    m_Variable: {fileID: 0}
    m_Command: {fileID: 0}
    m_Localize: 0
    m_DataVal: 0
  m_IndentLevel: 0
  m_CommandIndex: 1
  m_Variable: {fileID: 114213771803420862}
  m_Operation: 0
  m_Value:
    m_VariableDataType: 2
    m_Variable: {fileID: 0}
    m_Command: {fileID: 114081869064346232}
    m_Localize: 0
    m_DataVal:
      m_ValueTypeName: System.Int32, mscorlib
      m_UseDynamicValueType: 0
      m_SerializedValue: 0
      m_ObjectReferenceValue: {fileID: 0}
      m_ObjectReferenceListValue: []
--- !u!114 &114988718112765046
MonoBehaviour:
  m_ObjectHideFlags: 0
  m_CorrespondingSourceObject: {fileID: 0}
  m_PrefabInstance: {fileID: 0}
  m_PrefabAsset: {fileID: 0}
  m_GameObject: {fileID: 1081352670234354}
  m_Enabled: 1
  m_EditorHideFlags: 0
  m_Script: {fileID: 11500000, guid: 79625b28df582bb458788419c73b55f3, type: 3}
  m_Name: 
  m_EditorClassIdentifier: 
  m_Key: 114988718112765046_7e623464452a342ef834bc069e5e0e6f
  m_ItemId: 22
  m_ParentFlowchartItem: {fileID: 114356999016586164}
  m_WaitUntilFinished:
    m_VariableDataType: 0
    m_Variable: {fileID: 0}
    m_Command: {fileID: 0}
    m_Localize: 0
    m_DataVal: 0
  m_IndentLevel: 0
  m_CommandIndex: -1
  m_Flowchart:
    m_VariableDataType: 1
    m_Variable: {fileID: 114148777464121222}
    m_Command: {fileID: 0}
    m_Localize: 0
    m_DataVal: {fileID: 0}
  m_TemplateVariable: {fileID: 114241701384089860, guid: 9ff58cf766d9a412c9b98d54ee27479c,
    type: 3}
  m_ReturnVariable: {fileID: 0}
--- !u!114 &114081869064346232
MonoBehaviour:
  m_ObjectHideFlags: 0
  m_CorrespondingSourceObject: {fileID: 0}
  m_PrefabInstance: {fileID: 0}
  m_PrefabAsset: {fileID: 0}
  m_GameObject: {fileID: 1081352670234354}
  m_Enabled: 1
  m_EditorHideFlags: 0
  m_Script: {fileID: 11500000, guid: 79625b28df582bb458788419c73b55f3, type: 3}
  m_Name: 
  m_EditorClassIdentifier: 
  m_Key: 114081869064346232_7e623464452a342ef834bc069e5e0e6f
  m_ItemId: 23
  m_ParentFlowchartItem: {fileID: 114756832184386484}
  m_WaitUntilFinished:
    m_VariableDataType: 0
    m_Variable: {fileID: 0}
    m_Command: {fileID: 0}
    m_Localize: 0
    m_DataVal: 0
  m_IndentLevel: 0
  m_CommandIndex: -1
  m_Flowchart:
    m_VariableDataType: 1
    m_Variable: {fileID: 114148777464121222}
    m_Command: {fileID: 0}
    m_Localize: 0
    m_DataVal: {fileID: 0}
  m_TemplateVariable: {fileID: 114179368222532826, guid: 9ff58cf766d9a412c9b98d54ee27479c,
    type: 3}
  m_ReturnVariable: {fileID: 0}
