%YAML 1.1
%TAG !u! tag:unity3d.com,2011:
--- !u!29 &1
OcclusionCullingSettings:
  m_ObjectHideFlags: 0
  serializedVersion: 2
  m_OcclusionBakeSettings:
    smallestOccluder: 5
    smallestHole: 0.25
    backfaceThreshold: 100
  m_SceneGUID: 00000000000000000000000000000000
  m_OcclusionCullingData: {fileID: 0}
--- !u!104 &2
RenderSettings:
  m_ObjectHideFlags: 0
  serializedVersion: 9
  m_Fog: 0
  m_FogColor: {r: 0.5, g: 0.5, b: 0.5, a: 1}
  m_FogMode: 3
  m_FogDensity: 0.01
  m_LinearFogStart: 0
  m_LinearFogEnd: 300
  m_AmbientSkyColor: {r: 0.212, g: 0.227, b: 0.259, a: 1}
  m_AmbientEquatorColor: {r: 0.114, g: 0.125, b: 0.133, a: 1}
  m_AmbientGroundColor: {r: 0.047, g: 0.043, b: 0.035, a: 1}
  m_AmbientIntensity: 1
  m_AmbientMode: 3
  m_SubtractiveShadowColor: {r: 0.42, g: 0.478, b: 0.627, a: 1}
  m_SkyboxMaterial: {fileID: 0}
  m_HaloStrength: 0.5
  m_FlareStrength: 1
  m_FlareFadeSpeed: 3
  m_HaloTexture: {fileID: 0}
  m_SpotCookie: {fileID: 10001, guid: 0000000000000000e000000000000000, type: 0}
  m_DefaultReflectionMode: 0
  m_DefaultReflectionResolution: 128
  m_ReflectionBounces: 1
  m_ReflectionIntensity: 1
  m_CustomReflection: {fileID: 0}
  m_Sun: {fileID: 0}
  m_IndirectSpecularColor: {r: 0, g: 0, b: 0, a: 1}
  m_UseRadianceAmbientProbe: 0
--- !u!157 &3
LightmapSettings:
  m_ObjectHideFlags: 0
  serializedVersion: 11
  m_GIWorkflowMode: 1
  m_GISettings:
    serializedVersion: 2
    m_BounceScale: 1
    m_IndirectOutputScale: 1
    m_AlbedoBoost: 1
    m_TemporalCoherenceThreshold: 1
    m_EnvironmentLightingMode: 0
    m_EnableBakedLightmaps: 0
    m_EnableRealtimeLightmaps: 0
  m_LightmapEditorSettings:
    serializedVersion: 10
    m_Resolution: 2
    m_BakeResolution: 40
    m_AtlasSize: 1024
    m_AO: 0
    m_AOMaxDistance: 1
    m_CompAOExponent: 0
    m_CompAOExponentDirect: 0
    m_Padding: 2
    m_LightmapParameters: {fileID: 0}
    m_LightmapsBakeMode: 1
    m_TextureCompression: 1
    m_FinalGather: 0
    m_FinalGatherFiltering: 1
    m_FinalGatherRayCount: 1024
    m_ReflectionCompression: 2
    m_MixedBakeMode: 1
    m_BakeBackend: 0
    m_PVRSampling: 1
    m_PVRDirectSampleCount: 32
    m_PVRSampleCount: 500
    m_PVRBounces: 2
    m_PVRFilterTypeDirect: 0
    m_PVRFilterTypeIndirect: 0
    m_PVRFilterTypeAO: 0
    m_PVRFilteringMode: 1
    m_PVRCulling: 1
    m_PVRFilteringGaussRadiusDirect: 1
    m_PVRFilteringGaussRadiusIndirect: 5
    m_PVRFilteringGaussRadiusAO: 2
    m_PVRFilteringAtrousPositionSigmaDirect: 0.5
    m_PVRFilteringAtrousPositionSigmaIndirect: 2
    m_PVRFilteringAtrousPositionSigmaAO: 1
    m_ShowResolutionOverlay: 1
  m_LightingDataAsset: {fileID: 0}
  m_UseShadowmask: 0
--- !u!196 &4
NavMeshSettings:
  serializedVersion: 2
  m_ObjectHideFlags: 0
  m_BuildSettings:
    serializedVersion: 2
    agentTypeID: 0
    agentRadius: 0.5
    agentHeight: 2
    agentSlope: 45
    agentClimb: 0.4
    ledgeDropHeight: 0
    maxJumpAcrossDistance: 0
    minRegionArea: 2
    manualCellSize: 0
    cellSize: 0.16666667
    manualTileSize: 0
    tileSize: 256
    accuratePlacement: 0
    debug:
      m_Flags: 0
  m_NavMeshData: {fileID: 0}
--- !u!1001 &924270720
Prefab:
  m_ObjectHideFlags: 0
  serializedVersion: 2
  m_Modification:
    m_TransformParent: {fileID: 0}
    m_Modifications:
    - target: {fileID: 428656, guid: 669889dfe7ecd8b4eb9fba9adaf8ba0e, type: 2}
      propertyPath: m_LocalPosition.x
      value: 0
      objectReference: {fileID: 0}
    - target: {fileID: 428656, guid: 669889dfe7ecd8b4eb9fba9adaf8ba0e, type: 2}
      propertyPath: m_LocalPosition.y
      value: 0
      objectReference: {fileID: 0}
    - target: {fileID: 428656, guid: 669889dfe7ecd8b4eb9fba9adaf8ba0e, type: 2}
      propertyPath: m_LocalPosition.z
      value: 0
      objectReference: {fileID: 0}
    - target: {fileID: 428656, guid: 669889dfe7ecd8b4eb9fba9adaf8ba0e, type: 2}
      propertyPath: m_LocalRotation.x
      value: 0
      objectReference: {fileID: 0}
    - target: {fileID: 428656, guid: 669889dfe7ecd8b4eb9fba9adaf8ba0e, type: 2}
      propertyPath: m_LocalRotation.y
      value: 0
      objectReference: {fileID: 0}
    - target: {fileID: 428656, guid: 669889dfe7ecd8b4eb9fba9adaf8ba0e, type: 2}
      propertyPath: m_LocalRotation.z
      value: 0
      objectReference: {fileID: 0}
    - target: {fileID: 428656, guid: 669889dfe7ecd8b4eb9fba9adaf8ba0e, type: 2}
      propertyPath: m_LocalRotation.w
      value: 1
      objectReference: {fileID: 0}
    - target: {fileID: 428656, guid: 669889dfe7ecd8b4eb9fba9adaf8ba0e, type: 2}
      propertyPath: m_RootOrder
      value: 0
      objectReference: {fileID: 0}
    m_RemovedComponents: []
  m_SourcePrefab: {fileID: 100100000, guid: 669889dfe7ecd8b4eb9fba9adaf8ba0e, type: 2}
  m_IsPrefabAsset: 0
--- !u!1 &996728537
GameObject:
  m_ObjectHideFlags: 0
  m_CorrespondingSourceObject: {fileID: 142980, guid: 5e7fbc8d4eb714b279eeeef2262c1e1a,
    type: 2}
  m_PrefabInternal: {fileID: 0}
  serializedVersion: 6
  m_Component:
  - component: {fileID: 996728542}
  - component: {fileID: 996728538}
  - component: {fileID: 996728541}
  - component: {fileID: 996728539}
  - component: {fileID: 996728540}
  - component: {fileID: 996728543}
  - component: {fileID: 996728557}
  - component: {fileID: 996728556}
  - component: {fileID: 996728555}
  - component: {fileID: 996728554}
  - component: {fileID: 996728553}
  - component: {fileID: 996728552}
  - component: {fileID: 996728551}
  - component: {fileID: 996728550}
  - component: {fileID: 996728549}
  - component: {fileID: 996728548}
  - component: {fileID: 996728547}
  - component: {fileID: 996728546}
  - component: {fileID: 996728559}
  - component: {fileID: 996728565}
  - component: {fileID: 996728574}
  - component: {fileID: 996728588}
  - component: {fileID: 996728586}
  - component: {fileID: 996728585}
  - component: {fileID: 996728584}
  - component: {fileID: 996728544}
  - component: {fileID: 996728564}
  - component: {fileID: 996728563}
  - component: {fileID: 996728562}
  - component: {fileID: 996728561}
  - component: {fileID: 996728560}
  - component: {fileID: 996728558}
  - component: {fileID: 996728545}
  m_Layer: 0
  m_Name: CUTSCENE
  m_TagString: Untagged
  m_Icon: {fileID: 0}
  m_NavMeshLayer: 0
  m_StaticEditorFlags: 0
  m_IsActive: 1
--- !u!114 &996728538
MonoBehaviour:
  m_ObjectHideFlags: 0
  m_CorrespondingSourceObject: {fileID: 11430050, guid: 5e7fbc8d4eb714b279eeeef2262c1e1a,
    type: 2}
  m_PrefabInternal: {fileID: 0}
  m_GameObject: {fileID: 996728537}
  m_Enabled: 1
  m_EditorHideFlags: 0
  m_Script: {fileID: 11500000, guid: 7a334fe2ffb574b3583ff3b18b4792d3, type: 3}
  m_Name: 
  m_EditorClassIdentifier: 
  m_Key: 996728538_7e1f980a7eef08149ad92ac2f28ebcf2
  m_Version: 1.0
  m_TemplateFlowchart: {fileID: 114150264941589150, guid: cb724ae5652224efca73b7dd61c59178,
    type: 2}
  m_Description: 
  m_StepPause: 0
  m_PauseOnEnable: 0
  m_HideComponents: 1
  m_Logging: 0
  m_NodePosition: {x: 0, y: 0}
  m_Blocks:
  - {fileID: 996728539}
  - {fileID: 996728559}
  - {fileID: 996728565}
  m_Variables:
  - {fileID: 996728544}
--- !u!114 &996728539
MonoBehaviour:
  m_ObjectHideFlags: 2
  m_CorrespondingSourceObject: {fileID: 0}
  m_PrefabInternal: {fileID: 0}
  m_GameObject: {fileID: 996728537}
  m_Enabled: 1
  m_EditorHideFlags: 0
  m_Script: {fileID: 11500000, guid: 3d3d73aef2cfc4f51abf34ac00241f60, type: 3}
  m_Name: 
  m_EditorClassIdentifier: 
  m_Key: 996728539_7e1f980a7eef08149ad92ac2f28ebcf2
  m_ItemId: 0
  m_TemplateBlock: {fileID: 114895045052186712, guid: cb724ae5652224efca73b7dd61c59178,
    type: 2}
  m_NodePosition: {x: 0, y: 0}
  m_BlockName: NEW BLOCK
  m_Scope: 0
  m_Description: 
  m_Parameters: []
  m_ReturnTypeName: 
  m_EventHandler: {fileID: 0}
  m_Commands:
  - {fileID: 996728585}
  - {fileID: 996728584}
  - {fileID: 996728564}
  - {fileID: 996728563}
  - {fileID: 996728562}
  - {fileID: 996728540}
  - {fileID: 996728543}
  - {fileID: 996728557}
  - {fileID: 996728556}
  - {fileID: 996728555}
  - {fileID: 996728554}
  - {fileID: 996728553}
  - {fileID: 996728552}
  - {fileID: 996728551}
  - {fileID: 996728550}
  - {fileID: 996728549}
  - {fileID: 996728548}
  - {fileID: 996728547}
  - {fileID: 996728546}
--- !u!114 &996728540
MonoBehaviour:
  m_ObjectHideFlags: 2
  m_CorrespondingSourceObject: {fileID: 0}
  m_PrefabInternal: {fileID: 0}
  m_GameObject: {fileID: 996728537}
  m_Enabled: 1
  m_EditorHideFlags: 0
  m_Script: {fileID: 11500000, guid: ec422cd568a9c4a31ad7c36d0572b9da, type: 3}
  m_Name: 
  m_EditorClassIdentifier: 
  m_Key: 996728540_7e1f980a7eef08149ad92ac2f28ebcf2
  m_ItemId: 1
  m_ParentBlock: {fileID: 996728539}
  m_WaitUntilFinished:
    m_VariableDataType: 0
    m_Variable: {fileID: 0}
    m_Command: {fileID: 0}
    m_Localize: 0
    m_DataVal: 0
  m_IndentLevel: 0
  m_CommandIndex: 5
  m_DialogUI:
    m_VariableDataType: 0
    m_Variable: {fileID: 0}
    m_Command: {fileID: 0}
    m_Localize: 0
    m_DataVal: {fileID: 11485868, guid: e4076b1a1992934448f84c7b37badd14, type: 2}
  m_Character:
    m_VariableDataType: 0
    m_Variable: {fileID: 0}
    m_Command: {fileID: 0}
    m_Localize: 0
    m_DataVal: {fileID: 11429960, guid: b0a6c7f458fc7644b8423140606c2a69, type: 2}
  m_CharacterName:
    m_VariableDataType: 0
    m_Variable: {fileID: 0}
    m_Command: {fileID: 0}
    m_Localize: 1
    m_DataVal: 
  m_Text:
    m_VariableDataType: 0
    m_Variable: {fileID: 0}
    m_Command: {fileID: 0}
    m_Localize: 1
    m_DataVal: "Hey there, mate. What can I get you?\r"
  m_VoiceOver:
    m_VariableDataType: 0
    m_Variable: {fileID: 0}
    m_Command: {fileID: 0}
    m_Localize: 0
    m_DataVal: {fileID: 0}
  m_Portrait:
    m_VariableDataType: 0
    m_Variable: {fileID: 0}
    m_Command: {fileID: 0}
    m_Localize: 0
    m_DataVal: {fileID: 0}
  m_ContinuePrevious:
    m_VariableDataType: 0
    m_Variable: {fileID: 0}
    m_Command: {fileID: 0}
    m_Localize: 0
    m_DataVal: 0
  m_InstantlyAutoAdvance:
    m_VariableDataType: 0
    m_Variable: {fileID: 0}
    m_Command: {fileID: 0}
    m_Localize: 0
    m_DataVal: 0
--- !u!114 &996728541
MonoBehaviour:
  m_ObjectHideFlags: 0
  m_CorrespondingSourceObject: {fileID: 11435642, guid: 5e7fbc8d4eb714b279eeeef2262c1e1a,
    type: 2}
  m_PrefabInternal: {fileID: 0}
  m_GameObject: {fileID: 996728537}
  m_Enabled: 1
  m_EditorHideFlags: 0
  m_Script: {fileID: 11500000, guid: e5724422a635e425bae0af9ffe2615d6, type: 3}
  m_Name: 
  m_EditorClassIdentifier: 
  m_Key: 996728541_7e1f980a7eef08149ad92ac2f28ebcf2
  m_LocalizationFile: {fileID: 0}
  m_CombineIdenticalEntries: 1
  m_DisplayLocalizedAssetGuidsAsObjectFields: 0
  m_LocalizedAssetGuids: []
--- !u!4 &996728542
Transform:
  m_ObjectHideFlags: 0
  m_CorrespondingSourceObject: {fileID: 467082, guid: 5e7fbc8d4eb714b279eeeef2262c1e1a,
    type: 2}
  m_PrefabInternal: {fileID: 0}
  m_GameObject: {fileID: 996728537}
  m_LocalRotation: {x: 0, y: 0, z: 0, w: 1}
  m_LocalPosition: {x: 0, y: 0, z: 0}
  m_LocalScale: {x: 1, y: 1, z: 1}
  m_Children: []
  m_Father: {fileID: 0}
  m_RootOrder: 1
  m_LocalEulerAnglesHint: {x: 0, y: 0, z: 0}
--- !u!114 &996728543
MonoBehaviour:
  m_ObjectHideFlags: 2
  m_CorrespondingSourceObject: {fileID: 0}
  m_PrefabInternal: {fileID: 0}
  m_GameObject: {fileID: 996728537}
  m_Enabled: 1
  m_EditorHideFlags: 0
  m_Script: {fileID: 11500000, guid: ec422cd568a9c4a31ad7c36d0572b9da, type: 3}
  m_Name: 
  m_EditorClassIdentifier: 
  m_Key: 996728543_7e1f980a7eef08149ad92ac2f28ebcf2
  m_ItemId: 2
  m_ParentBlock: {fileID: 996728539}
  m_WaitUntilFinished:
    m_VariableDataType: 0
    m_Variable: {fileID: 0}
    m_Command: {fileID: 0}
    m_Localize: 0
    m_DataVal: 0
  m_IndentLevel: 0
  m_CommandIndex: 6
  m_DialogUI:
    m_VariableDataType: 0
    m_Variable: {fileID: 0}
    m_Command: {fileID: 0}
    m_Localize: 0
    m_DataVal: {fileID: 11485868, guid: e4076b1a1992934448f84c7b37badd14, type: 2}
  m_Character:
    m_VariableDataType: 0
    m_Variable: {fileID: 0}
    m_Command: {fileID: 0}
    m_Localize: 0
    m_DataVal: {fileID: 11400000, guid: 63f131f616a63164497c245cc6ea0bb3, type: 2}
  m_CharacterName:
    m_VariableDataType: 0
    m_Variable: {fileID: 0}
    m_Command: {fileID: 0}
    m_Localize: 1
    m_DataVal: 
  m_Text:
    m_VariableDataType: 0
    m_Variable: {fileID: 0}
    m_Command: {fileID: 0}
    m_Localize: 1
    m_DataVal: Pint of lager, please.
  m_VoiceOver:
    m_VariableDataType: 0
    m_Variable: {fileID: 0}
    m_Command: {fileID: 0}
    m_Localize: 0
    m_DataVal: {fileID: 0}
  m_Portrait:
    m_VariableDataType: 0
    m_Variable: {fileID: 0}
    m_Command: {fileID: 0}
    m_Localize: 0
    m_DataVal: {fileID: 0}
  m_ContinuePrevious:
    m_VariableDataType: 0
    m_Variable: {fileID: 0}
    m_Command: {fileID: 0}
    m_Localize: 0
    m_DataVal: 0
  m_InstantlyAutoAdvance:
    m_VariableDataType: 0
    m_Variable: {fileID: 0}
    m_Command: {fileID: 0}
    m_Localize: 0
    m_DataVal: 0
--- !u!114 &996728544
MonoBehaviour:
  m_ObjectHideFlags: 2
  m_CorrespondingSourceObject: {fileID: 0}
  m_PrefabInternal: {fileID: 0}
  m_GameObject: {fileID: 996728537}
  m_Enabled: 1
  m_EditorHideFlags: 0
  m_Script: {fileID: 11500000, guid: 4580f28dd8581476b810b38eea2f1316, type: 3}
  m_Name: 
  m_EditorClassIdentifier: 
  m_Key: 996728544_7e1f980a7eef08149ad92ac2f28ebcf2
  m_ItemId: -1
  m_TemplateVariable: {fileID: 114927987945585394, guid: cb724ae5652224efca73b7dd61c59178,
    type: 2}
  m_ParentBlock: {fileID: 0}
  m_VariableName: Var
  m_Scope: 0
  m_Localize: 0
  m_Value: The bartender is drying glasses.
--- !u!114 &996728545
MonoBehaviour:
  m_ObjectHideFlags: 2
  m_CorrespondingSourceObject: {fileID: 0}
  m_PrefabInternal: {fileID: 0}
  m_GameObject: {fileID: 996728537}
  m_Enabled: 1
  m_EditorHideFlags: 0
  m_Script: {fileID: 11500000, guid: 2814910703c1c874c85ef25fa85af4be, type: 3}
  m_Name: 
  m_EditorClassIdentifier: 
  m_Key: 996728545_7e1f980a7eef08149ad92ac2f28ebcf2
  m_ItemId: 1002
  m_ParentBlock: {fileID: 996728565}
  m_WaitUntilFinished:
    m_VariableDataType: 0
    m_Variable: {fileID: 0}
    m_Command: {fileID: 0}
    m_Localize: 0
    m_DataVal: 0
  m_IndentLevel: 0
  m_CommandIndex: 2
  m_WorldSprite:
    m_VariableDataType: 0
    m_Variable: {fileID: 0}
    m_Command: {fileID: 0}
    m_Localize: 0
    m_DataVal: {fileID: 11411648, guid: b0a6c7f458fc7644b8423140606c2a69, type: 2}
  m_Animation:
    m_VariableDataType: 0
    m_Variable: {fileID: 0}
    m_Command: {fileID: 0}
    m_Localize: 0
    m_DataVal: {fileID: 11416216, guid: b0a6c7f458fc7644b8423140606c2a69, type: 2}
  m_AnimationIndex:
    m_VariableDataType: 0
    m_Variable: {fileID: 0}
    m_Command: {fileID: 0}
    m_Localize: 0
    m_DataVal: 0
  m_Frame:
    m_VariableDataType: 0
    m_Variable: {fileID: 0}
    m_Command: {fileID: 0}
    m_Localize: 0
    m_DataVal: 1
  m_Duration:
    m_VariableDataType: 0
    m_Variable: {fileID: 0}
    m_Command: {fileID: 0}
    m_Localize: 0
    m_DataVal: 0
  m_AtPreviousPosition:
    m_VariableDataType: 0
    m_Variable: {fileID: 0}
    m_Command: {fileID: 0}
    m_Localize: 0
    m_DataVal: 0
  m_Position:
    m_VariableDataType: 0
    m_Variable: {fileID: 0}
    m_Command: {fileID: 0}
    m_Localize: 0
    m_DataVal: {x: 3, y: 3}
--- !u!114 &996728546
MonoBehaviour:
  m_ObjectHideFlags: 2
  m_CorrespondingSourceObject: {fileID: 0}
  m_PrefabInternal: {fileID: 0}
  m_GameObject: {fileID: 996728537}
  m_Enabled: 1
  m_EditorHideFlags: 0
  m_Script: {fileID: 11500000, guid: ec422cd568a9c4a31ad7c36d0572b9da, type: 3}
  m_Name: 
  m_EditorClassIdentifier: 
  m_Key: 996728546_7e1f980a7eef08149ad92ac2f28ebcf2
  m_ItemId: 14
  m_ParentBlock: {fileID: 996728539}
  m_WaitUntilFinished:
    m_VariableDataType: 0
    m_Variable: {fileID: 0}
    m_Command: {fileID: 0}
    m_Localize: 0
    m_DataVal: 0
  m_IndentLevel: 0
  m_CommandIndex: 18
  m_DialogUI:
    m_VariableDataType: 0
    m_Variable: {fileID: 0}
    m_Command: {fileID: 0}
    m_Localize: 0
    m_DataVal: {fileID: 11485868, guid: e4076b1a1992934448f84c7b37badd14, type: 2}
  m_Character:
    m_VariableDataType: 0
    m_Variable: {fileID: 0}
    m_Command: {fileID: 0}
    m_Localize: 0
    m_DataVal: {fileID: 11400000, guid: 63f131f616a63164497c245cc6ea0bb3, type: 2}
  m_CharacterName:
    m_VariableDataType: 0
    m_Variable: {fileID: 0}
    m_Command: {fileID: 0}
    m_Localize: 1
    m_DataVal: 
  m_Text:
    m_VariableDataType: 0
    m_Variable: {fileID: 0}
    m_Command: {fileID: 0}
    m_Localize: 1
    m_DataVal: Thanks.
  m_VoiceOver:
    m_VariableDataType: 0
    m_Variable: {fileID: 0}
    m_Command: {fileID: 0}
    m_Localize: 0
    m_DataVal: {fileID: 0}
  m_Portrait:
    m_VariableDataType: 0
    m_Variable: {fileID: 0}
    m_Command: {fileID: 0}
    m_Localize: 0
    m_DataVal: {fileID: 0}
  m_ContinuePrevious:
    m_VariableDataType: 0
    m_Variable: {fileID: 0}
    m_Command: {fileID: 0}
    m_Localize: 0
    m_DataVal: 0
  m_InstantlyAutoAdvance:
    m_VariableDataType: 0
    m_Variable: {fileID: 0}
    m_Command: {fileID: 0}
    m_Localize: 0
    m_DataVal: 0
--- !u!114 &996728547
MonoBehaviour:
  m_ObjectHideFlags: 2
  m_CorrespondingSourceObject: {fileID: 0}
  m_PrefabInternal: {fileID: 0}
  m_GameObject: {fileID: 996728537}
  m_Enabled: 1
  m_EditorHideFlags: 0
  m_Script: {fileID: 11500000, guid: ec422cd568a9c4a31ad7c36d0572b9da, type: 3}
  m_Name: 
  m_EditorClassIdentifier: 
  m_Key: 996728547_7e1f980a7eef08149ad92ac2f28ebcf2
  m_ItemId: 13
  m_ParentBlock: {fileID: 996728539}
  m_WaitUntilFinished:
    m_VariableDataType: 0
    m_Variable: {fileID: 0}
    m_Command: {fileID: 0}
    m_Localize: 0
    m_DataVal: 0
  m_IndentLevel: 0
  m_CommandIndex: 17
  m_DialogUI:
    m_VariableDataType: 0
    m_Variable: {fileID: 0}
    m_Command: {fileID: 0}
    m_Localize: 0
    m_DataVal: {fileID: 11485868, guid: e4076b1a1992934448f84c7b37badd14, type: 2}
  m_Character:
    m_VariableDataType: 0
    m_Variable: {fileID: 0}
    m_Command: {fileID: 0}
    m_Localize: 0
    m_DataVal: {fileID: 11429960, guid: b0a6c7f458fc7644b8423140606c2a69, type: 2}
  m_CharacterName:
    m_VariableDataType: 0
    m_Variable: {fileID: 0}
    m_Command: {fileID: 0}
    m_Localize: 1
    m_DataVal: 
  m_Text:
    m_VariableDataType: 0
    m_Variable: {fileID: 0}
    m_Command: {fileID: 0}
    m_Localize: 1
    m_DataVal: Wouldn't dare. Anyway, you enjoy that drink, mate.
  m_VoiceOver:
    m_VariableDataType: 0
    m_Variable: {fileID: 0}
    m_Command: {fileID: 0}
    m_Localize: 0
    m_DataVal: {fileID: 0}
  m_Portrait:
    m_VariableDataType: 0
    m_Variable: {fileID: 0}
    m_Command: {fileID: 0}
    m_Localize: 0
    m_DataVal: {fileID: 0}
  m_ContinuePrevious:
    m_VariableDataType: 0
    m_Variable: {fileID: 0}
    m_Command: {fileID: 0}
    m_Localize: 0
    m_DataVal: 0
  m_InstantlyAutoAdvance:
    m_VariableDataType: 0
    m_Variable: {fileID: 0}
    m_Command: {fileID: 0}
    m_Localize: 0
    m_DataVal: 0
--- !u!114 &996728548
MonoBehaviour:
  m_ObjectHideFlags: 2
  m_CorrespondingSourceObject: {fileID: 0}
  m_PrefabInternal: {fileID: 0}
  m_GameObject: {fileID: 996728537}
  m_Enabled: 1
  m_EditorHideFlags: 0
  m_Script: {fileID: 11500000, guid: ec422cd568a9c4a31ad7c36d0572b9da, type: 3}
  m_Name: 
  m_EditorClassIdentifier: 
  m_Key: 996728548_7e1f980a7eef08149ad92ac2f28ebcf2
  m_ItemId: 12
  m_ParentBlock: {fileID: 996728539}
  m_WaitUntilFinished:
    m_VariableDataType: 0
    m_Variable: {fileID: 0}
    m_Command: {fileID: 0}
    m_Localize: 0
    m_DataVal: 0
  m_IndentLevel: 0
  m_CommandIndex: 16
  m_DialogUI:
    m_VariableDataType: 0
    m_Variable: {fileID: 0}
    m_Command: {fileID: 0}
    m_Localize: 0
    m_DataVal: {fileID: 11485868, guid: e4076b1a1992934448f84c7b37badd14, type: 2}
  m_Character:
    m_VariableDataType: 0
    m_Variable: {fileID: 0}
    m_Command: {fileID: 0}
    m_Localize: 0
    m_DataVal: {fileID: 11400000, guid: 63f131f616a63164497c245cc6ea0bb3, type: 2}
  m_CharacterName:
    m_VariableDataType: 0
    m_Variable: {fileID: 0}
    m_Command: {fileID: 0}
    m_Localize: 1
    m_DataVal: 
  m_Text:
    m_VariableDataType: 0
    m_Variable: {fileID: 0}
    m_Command: {fileID: 0}
    m_Localize: 1
    m_DataVal: Uh, he's great, actually. Brilliant, and, er, secretly quite kind,
      when it matters. Don't tell him I said that.
  m_VoiceOver:
    m_VariableDataType: 0
    m_Variable: {fileID: 0}
    m_Command: {fileID: 0}
    m_Localize: 0
    m_DataVal: {fileID: 0}
  m_Portrait:
    m_VariableDataType: 0
    m_Variable: {fileID: 0}
    m_Command: {fileID: 0}
    m_Localize: 0
    m_DataVal: {fileID: 0}
  m_ContinuePrevious:
    m_VariableDataType: 0
    m_Variable: {fileID: 0}
    m_Command: {fileID: 0}
    m_Localize: 0
    m_DataVal: 0
  m_InstantlyAutoAdvance:
    m_VariableDataType: 0
    m_Variable: {fileID: 0}
    m_Command: {fileID: 0}
    m_Localize: 0
    m_DataVal: 0
--- !u!114 &996728549
MonoBehaviour:
  m_ObjectHideFlags: 2
  m_CorrespondingSourceObject: {fileID: 0}
  m_PrefabInternal: {fileID: 0}
  m_GameObject: {fileID: 996728537}
  m_Enabled: 1
  m_EditorHideFlags: 0
  m_Script: {fileID: 11500000, guid: ec422cd568a9c4a31ad7c36d0572b9da, type: 3}
  m_Name: 
  m_EditorClassIdentifier: 
  m_Key: 996728549_7e1f980a7eef08149ad92ac2f28ebcf2
  m_ItemId: 11
  m_ParentBlock: {fileID: 996728539}
  m_WaitUntilFinished:
    m_VariableDataType: 0
    m_Variable: {fileID: 0}
    m_Command: {fileID: 0}
    m_Localize: 0
    m_DataVal: 0
  m_IndentLevel: 0
  m_CommandIndex: 15
  m_DialogUI:
    m_VariableDataType: 0
    m_Variable: {fileID: 0}
    m_Command: {fileID: 0}
    m_Localize: 0
    m_DataVal: {fileID: 11485868, guid: e4076b1a1992934448f84c7b37badd14, type: 2}
  m_Character:
    m_VariableDataType: 0
    m_Variable: {fileID: 0}
    m_Command: {fileID: 0}
    m_Localize: 0
    m_DataVal: {fileID: 11429960, guid: b0a6c7f458fc7644b8423140606c2a69, type: 2}
  m_CharacterName:
    m_VariableDataType: 0
    m_Variable: {fileID: 0}
    m_Command: {fileID: 0}
    m_Localize: 1
    m_DataVal: 
  m_Text:
    m_VariableDataType: 0
    m_Variable: {fileID: 0}
    m_Command: {fileID: 0}
    m_Localize: 1
    m_DataVal: What's he like? I mean, in person?
  m_VoiceOver:
    m_VariableDataType: 0
    m_Variable: {fileID: 0}
    m_Command: {fileID: 0}
    m_Localize: 0
    m_DataVal: {fileID: 0}
  m_Portrait:
    m_VariableDataType: 0
    m_Variable: {fileID: 0}
    m_Command: {fileID: 0}
    m_Localize: 0
    m_DataVal: {fileID: 0}
  m_ContinuePrevious:
    m_VariableDataType: 0
    m_Variable: {fileID: 0}
    m_Command: {fileID: 0}
    m_Localize: 0
    m_DataVal: 0
  m_InstantlyAutoAdvance:
    m_VariableDataType: 0
    m_Variable: {fileID: 0}
    m_Command: {fileID: 0}
    m_Localize: 0
    m_DataVal: 0
--- !u!114 &996728550
MonoBehaviour:
  m_ObjectHideFlags: 2
  m_CorrespondingSourceObject: {fileID: 0}
  m_PrefabInternal: {fileID: 0}
  m_GameObject: {fileID: 996728537}
  m_Enabled: 1
  m_EditorHideFlags: 0
  m_Script: {fileID: 11500000, guid: ec422cd568a9c4a31ad7c36d0572b9da, type: 3}
  m_Name: 
  m_EditorClassIdentifier: 
  m_Key: 996728550_7e1f980a7eef08149ad92ac2f28ebcf2
  m_ItemId: 10
  m_ParentBlock: {fileID: 996728539}
  m_WaitUntilFinished:
    m_VariableDataType: 0
    m_Variable: {fileID: 0}
    m_Command: {fileID: 0}
    m_Localize: 0
    m_DataVal: 0
  m_IndentLevel: 0
  m_CommandIndex: 14
  m_DialogUI:
    m_VariableDataType: 0
    m_Variable: {fileID: 0}
    m_Command: {fileID: 0}
    m_Localize: 0
    m_DataVal: {fileID: 11485868, guid: e4076b1a1992934448f84c7b37badd14, type: 2}
  m_Character:
    m_VariableDataType: 0
    m_Variable: {fileID: 0}
    m_Command: {fileID: 0}
    m_Localize: 0
    m_DataVal: {fileID: 11400000, guid: 63f131f616a63164497c245cc6ea0bb3, type: 2}
  m_CharacterName:
    m_VariableDataType: 0
    m_Variable: {fileID: 0}
    m_Command: {fileID: 0}
    m_Localize: 1
    m_DataVal: 
  m_Text:
    m_VariableDataType: 0
    m_Variable: {fileID: 0}
    m_Command: {fileID: 0}
    m_Localize: 1
    m_DataVal: I guess you could say that.
  m_VoiceOver:
    m_VariableDataType: 0
    m_Variable: {fileID: 0}
    m_Command: {fileID: 0}
    m_Localize: 0
    m_DataVal: {fileID: 0}
  m_Portrait:
    m_VariableDataType: 0
    m_Variable: {fileID: 0}
    m_Command: {fileID: 0}
    m_Localize: 0
    m_DataVal: {fileID: 0}
  m_ContinuePrevious:
    m_VariableDataType: 0
    m_Variable: {fileID: 0}
    m_Command: {fileID: 0}
    m_Localize: 0
    m_DataVal: 0
  m_InstantlyAutoAdvance:
    m_VariableDataType: 0
    m_Variable: {fileID: 0}
    m_Command: {fileID: 0}
    m_Localize: 0
    m_DataVal: 0
--- !u!114 &996728551
MonoBehaviour:
  m_ObjectHideFlags: 2
  m_CorrespondingSourceObject: {fileID: 0}
  m_PrefabInternal: {fileID: 0}
  m_GameObject: {fileID: 996728537}
  m_Enabled: 1
  m_EditorHideFlags: 0
  m_Script: {fileID: 11500000, guid: ec422cd568a9c4a31ad7c36d0572b9da, type: 3}
  m_Name: 
  m_EditorClassIdentifier: 
  m_Key: 996728551_7e1f980a7eef08149ad92ac2f28ebcf2
  m_ItemId: 9
  m_ParentBlock: {fileID: 996728539}
  m_WaitUntilFinished:
    m_VariableDataType: 0
    m_Variable: {fileID: 0}
    m_Command: {fileID: 0}
    m_Localize: 0
    m_DataVal: 0
  m_IndentLevel: 0
  m_CommandIndex: 13
  m_DialogUI:
    m_VariableDataType: 0
    m_Variable: {fileID: 0}
    m_Command: {fileID: 0}
    m_Localize: 0
    m_DataVal: {fileID: 11485868, guid: e4076b1a1992934448f84c7b37badd14, type: 2}
  m_Character:
    m_VariableDataType: 0
    m_Variable: {fileID: 0}
    m_Command: {fileID: 0}
    m_Localize: 0
    m_DataVal: {fileID: 11429960, guid: b0a6c7f458fc7644b8423140606c2a69, type: 2}
  m_CharacterName:
    m_VariableDataType: 0
    m_Variable: {fileID: 0}
    m_Command: {fileID: 0}
    m_Localize: 1
    m_DataVal: 
  m_Text:
    m_VariableDataType: 0
    m_Variable: {fileID: 0}
    m_Command: {fileID: 0}
    m_Localize: 1
    m_DataVal: So you're like his handler?
  m_VoiceOver:
    m_VariableDataType: 0
    m_Variable: {fileID: 0}
    m_Command: {fileID: 0}
    m_Localize: 0
    m_DataVal: {fileID: 0}
  m_Portrait:
    m_VariableDataType: 0
    m_Variable: {fileID: 0}
    m_Command: {fileID: 0}
    m_Localize: 0
    m_DataVal: {fileID: 0}
  m_ContinuePrevious:
    m_VariableDataType: 0
    m_Variable: {fileID: 0}
    m_Command: {fileID: 0}
    m_Localize: 0
    m_DataVal: 0
  m_InstantlyAutoAdvance:
    m_VariableDataType: 0
    m_Variable: {fileID: 0}
    m_Command: {fileID: 0}
    m_Localize: 0
    m_DataVal: 0
--- !u!114 &996728552
MonoBehaviour:
  m_ObjectHideFlags: 2
  m_CorrespondingSourceObject: {fileID: 0}
  m_PrefabInternal: {fileID: 0}
  m_GameObject: {fileID: 996728537}
  m_Enabled: 1
  m_EditorHideFlags: 0
  m_Script: {fileID: 11500000, guid: ec422cd568a9c4a31ad7c36d0572b9da, type: 3}
  m_Name: 
  m_EditorClassIdentifier: 
  m_Key: 996728552_7e1f980a7eef08149ad92ac2f28ebcf2
  m_ItemId: 8
  m_ParentBlock: {fileID: 996728539}
  m_WaitUntilFinished:
    m_VariableDataType: 0
    m_Variable: {fileID: 0}
    m_Command: {fileID: 0}
    m_Localize: 0
    m_DataVal: 0
  m_IndentLevel: 0
  m_CommandIndex: 12
  m_DialogUI:
    m_VariableDataType: 0
    m_Variable: {fileID: 0}
    m_Command: {fileID: 0}
    m_Localize: 0
    m_DataVal: {fileID: 11485868, guid: e4076b1a1992934448f84c7b37badd14, type: 2}
  m_Character:
    m_VariableDataType: 0
    m_Variable: {fileID: 0}
    m_Command: {fileID: 0}
    m_Localize: 0
    m_DataVal: {fileID: 11400000, guid: 63f131f616a63164497c245cc6ea0bb3, type: 2}
  m_CharacterName:
    m_VariableDataType: 0
    m_Variable: {fileID: 0}
    m_Command: {fileID: 0}
    m_Localize: 1
    m_DataVal: 
  m_Text:
    m_VariableDataType: 0
    m_Variable: {fileID: 0}
    m_Command: {fileID: 0}
    m_Localize: 1
    m_DataVal: Well, actually, Sherlock does most of the crime solving; I just kind
      of, follow him around and make sure he doesn't insult too many people.
  m_VoiceOver:
    m_VariableDataType: 0
    m_Variable: {fileID: 0}
    m_Command: {fileID: 0}
    m_Localize: 0
    m_DataVal: {fileID: 0}
  m_Portrait:
    m_VariableDataType: 0
    m_Variable: {fileID: 0}
    m_Command: {fileID: 0}
    m_Localize: 0
    m_DataVal: {fileID: 0}
  m_ContinuePrevious:
    m_VariableDataType: 0
    m_Variable: {fileID: 0}
    m_Command: {fileID: 0}
    m_Localize: 0
    m_DataVal: 0
  m_InstantlyAutoAdvance:
    m_VariableDataType: 0
    m_Variable: {fileID: 0}
    m_Command: {fileID: 0}
    m_Localize: 0
    m_DataVal: 0
--- !u!114 &996728553
MonoBehaviour:
  m_ObjectHideFlags: 2
  m_CorrespondingSourceObject: {fileID: 0}
  m_PrefabInternal: {fileID: 0}
  m_GameObject: {fileID: 996728537}
  m_Enabled: 1
  m_EditorHideFlags: 0
  m_Script: {fileID: 11500000, guid: ec422cd568a9c4a31ad7c36d0572b9da, type: 3}
  m_Name: 
  m_EditorClassIdentifier: 
  m_Key: 996728553_7e1f980a7eef08149ad92ac2f28ebcf2
  m_ItemId: 7
  m_ParentBlock: {fileID: 996728539}
  m_WaitUntilFinished:
    m_VariableDataType: 0
    m_Variable: {fileID: 0}
    m_Command: {fileID: 0}
    m_Localize: 0
    m_DataVal: 0
  m_IndentLevel: 0
  m_CommandIndex: 11
  m_DialogUI:
    m_VariableDataType: 0
    m_Variable: {fileID: 0}
    m_Command: {fileID: 0}
    m_Localize: 0
    m_DataVal: {fileID: 11485868, guid: e4076b1a1992934448f84c7b37badd14, type: 2}
  m_Character:
    m_VariableDataType: 0
    m_Variable: {fileID: 0}
    m_Command: {fileID: 0}
    m_Localize: 0
    m_DataVal: {fileID: 11429960, guid: b0a6c7f458fc7644b8423140606c2a69, type: 2}
  m_CharacterName:
    m_VariableDataType: 0
    m_Variable: {fileID: 0}
    m_Command: {fileID: 0}
    m_Localize: 1
    m_DataVal: 
  m_Text:
    m_VariableDataType: 0
    m_Variable: {fileID: 0}
    m_Command: {fileID: 0}
    m_Localize: 1
    m_DataVal: How many crimes have you solved?
  m_VoiceOver:
    m_VariableDataType: 0
    m_Variable: {fileID: 0}
    m_Command: {fileID: 0}
    m_Localize: 0
    m_DataVal: {fileID: 0}
  m_Portrait:
    m_VariableDataType: 0
    m_Variable: {fileID: 0}
    m_Command: {fileID: 0}
    m_Localize: 0
    m_DataVal: {fileID: 0}
  m_ContinuePrevious:
    m_VariableDataType: 0
    m_Variable: {fileID: 0}
    m_Command: {fileID: 0}
    m_Localize: 0
    m_DataVal: 0
  m_InstantlyAutoAdvance:
    m_VariableDataType: 0
    m_Variable: {fileID: 0}
    m_Command: {fileID: 0}
    m_Localize: 0
    m_DataVal: 0
--- !u!114 &996728554
MonoBehaviour:
  m_ObjectHideFlags: 2
  m_CorrespondingSourceObject: {fileID: 0}
  m_PrefabInternal: {fileID: 0}
  m_GameObject: {fileID: 996728537}
  m_Enabled: 1
  m_EditorHideFlags: 0
  m_Script: {fileID: 11500000, guid: ec422cd568a9c4a31ad7c36d0572b9da, type: 3}
  m_Name: 
  m_EditorClassIdentifier: 
  m_Key: 996728554_7e1f980a7eef08149ad92ac2f28ebcf2
  m_ItemId: 6
  m_ParentBlock: {fileID: 996728539}
  m_WaitUntilFinished:
    m_VariableDataType: 0
    m_Variable: {fileID: 0}
    m_Command: {fileID: 0}
    m_Localize: 0
    m_DataVal: 0
  m_IndentLevel: 0
  m_CommandIndex: 10
  m_DialogUI:
    m_VariableDataType: 0
    m_Variable: {fileID: 0}
    m_Command: {fileID: 0}
    m_Localize: 0
    m_DataVal: {fileID: 11485868, guid: e4076b1a1992934448f84c7b37badd14, type: 2}
  m_Character:
    m_VariableDataType: 0
    m_Variable: {fileID: 0}
    m_Command: {fileID: 0}
    m_Localize: 0
    m_DataVal: {fileID: 11400000, guid: 63f131f616a63164497c245cc6ea0bb3, type: 2}
  m_CharacterName:
    m_VariableDataType: 0
    m_Variable: {fileID: 0}
    m_Command: {fileID: 0}
    m_Localize: 1
    m_DataVal: 
  m_Text:
    m_VariableDataType: 0
    m_Variable: {fileID: 0}
    m_Command: {fileID: 0}
    m_Localize: 1
    m_DataVal: Actually, yeah, I am.
  m_VoiceOver:
    m_VariableDataType: 0
    m_Variable: {fileID: 0}
    m_Command: {fileID: 0}
    m_Localize: 0
    m_DataVal: {fileID: 0}
  m_Portrait:
    m_VariableDataType: 0
    m_Variable: {fileID: 0}
    m_Command: {fileID: 0}
    m_Localize: 0
    m_DataVal: {fileID: 0}
  m_ContinuePrevious:
    m_VariableDataType: 0
    m_Variable: {fileID: 0}
    m_Command: {fileID: 0}
    m_Localize: 0
    m_DataVal: 0
  m_InstantlyAutoAdvance:
    m_VariableDataType: 0
    m_Variable: {fileID: 0}
    m_Command: {fileID: 0}
    m_Localize: 0
    m_DataVal: 0
--- !u!114 &996728555
MonoBehaviour:
  m_ObjectHideFlags: 2
  m_CorrespondingSourceObject: {fileID: 0}
  m_PrefabInternal: {fileID: 0}
  m_GameObject: {fileID: 996728537}
  m_Enabled: 1
  m_EditorHideFlags: 0
  m_Script: {fileID: 11500000, guid: ec422cd568a9c4a31ad7c36d0572b9da, type: 3}
  m_Name: 
  m_EditorClassIdentifier: 
  m_Key: 996728555_7e1f980a7eef08149ad92ac2f28ebcf2
  m_ItemId: 5
  m_ParentBlock: {fileID: 996728539}
  m_WaitUntilFinished:
    m_VariableDataType: 0
    m_Variable: {fileID: 0}
    m_Command: {fileID: 0}
    m_Localize: 0
    m_DataVal: 0
  m_IndentLevel: 0
  m_CommandIndex: 9
  m_DialogUI:
    m_VariableDataType: 0
    m_Variable: {fileID: 0}
    m_Command: {fileID: 0}
    m_Localize: 0
    m_DataVal: {fileID: 11485868, guid: e4076b1a1992934448f84c7b37badd14, type: 2}
  m_Character:
    m_VariableDataType: 0
    m_Variable: {fileID: 0}
    m_Command: {fileID: 0}
    m_Localize: 0
    m_DataVal: {fileID: 11429960, guid: b0a6c7f458fc7644b8423140606c2a69, type: 2}
  m_CharacterName:
    m_VariableDataType: 0
    m_Variable: {fileID: 0}
    m_Command: {fileID: 0}
    m_Localize: 1
    m_DataVal: 
  m_Text:
    m_VariableDataType: 0
    m_Variable: {fileID: 0}
    m_Command: {fileID: 0}
    m_Localize: 1
    m_DataVal: Thanks, mate. Say, you're that detective blogger fellow, aren't you?
  m_VoiceOver:
    m_VariableDataType: 0
    m_Variable: {fileID: 0}
    m_Command: {fileID: 0}
    m_Localize: 0
    m_DataVal: {fileID: 0}
  m_Portrait:
    m_VariableDataType: 0
    m_Variable: {fileID: 0}
    m_Command: {fileID: 0}
    m_Localize: 0
    m_DataVal: {fileID: 0}
  m_ContinuePrevious:
    m_VariableDataType: 0
    m_Variable: {fileID: 0}
    m_Command: {fileID: 0}
    m_Localize: 0
    m_DataVal: 0
  m_InstantlyAutoAdvance:
    m_VariableDataType: 0
    m_Variable: {fileID: 0}
    m_Command: {fileID: 0}
    m_Localize: 0
    m_DataVal: 0
--- !u!114 &996728556
MonoBehaviour:
  m_ObjectHideFlags: 2
  m_CorrespondingSourceObject: {fileID: 0}
  m_PrefabInternal: {fileID: 0}
  m_GameObject: {fileID: 996728537}
  m_Enabled: 1
  m_EditorHideFlags: 0
  m_Script: {fileID: 11500000, guid: ec422cd568a9c4a31ad7c36d0572b9da, type: 3}
  m_Name: 
  m_EditorClassIdentifier: 
  m_Key: 996728556_7e1f980a7eef08149ad92ac2f28ebcf2
  m_ItemId: 4
  m_ParentBlock: {fileID: 996728539}
  m_WaitUntilFinished:
    m_VariableDataType: 0
    m_Variable: {fileID: 0}
    m_Command: {fileID: 0}
    m_Localize: 0
    m_DataVal: 0
  m_IndentLevel: 0
  m_CommandIndex: 8
  m_DialogUI:
    m_VariableDataType: 0
    m_Variable: {fileID: 0}
    m_Command: {fileID: 0}
    m_Localize: 0
    m_DataVal: {fileID: 11485868, guid: e4076b1a1992934448f84c7b37badd14, type: 2}
  m_Character:
    m_VariableDataType: 0
    m_Variable: {fileID: 0}
    m_Command: {fileID: 0}
    m_Localize: 0
    m_DataVal: {fileID: 11400000, guid: 63f131f616a63164497c245cc6ea0bb3, type: 2}
  m_CharacterName:
    m_VariableDataType: 0
    m_Variable: {fileID: 0}
    m_Command: {fileID: 0}
    m_Localize: 1
    m_DataVal: 
  m_Text:
    m_VariableDataType: 0
    m_Variable: {fileID: 0}
    m_Command: {fileID: 0}
    m_Localize: 1
    m_DataVal: Ta, thanks very much. Keep the change.
  m_VoiceOver:
    m_VariableDataType: 0
    m_Variable: {fileID: 0}
    m_Command: {fileID: 0}
    m_Localize: 0
    m_DataVal: {fileID: 0}
  m_Portrait:
    m_VariableDataType: 0
    m_Variable: {fileID: 0}
    m_Command: {fileID: 0}
    m_Localize: 0
    m_DataVal: {fileID: 0}
  m_ContinuePrevious:
    m_VariableDataType: 0
    m_Variable: {fileID: 0}
    m_Command: {fileID: 0}
    m_Localize: 0
    m_DataVal: 0
  m_InstantlyAutoAdvance:
    m_VariableDataType: 0
    m_Variable: {fileID: 0}
    m_Command: {fileID: 0}
    m_Localize: 0
    m_DataVal: 0
--- !u!114 &996728557
MonoBehaviour:
  m_ObjectHideFlags: 2
  m_CorrespondingSourceObject: {fileID: 0}
  m_PrefabInternal: {fileID: 0}
  m_GameObject: {fileID: 996728537}
  m_Enabled: 1
  m_EditorHideFlags: 0
  m_Script: {fileID: 11500000, guid: ec422cd568a9c4a31ad7c36d0572b9da, type: 3}
  m_Name: 
  m_EditorClassIdentifier: 
  m_Key: 996728557_7e1f980a7eef08149ad92ac2f28ebcf2
  m_ItemId: 3
  m_ParentBlock: {fileID: 996728539}
  m_WaitUntilFinished:
    m_VariableDataType: 0
    m_Variable: {fileID: 0}
    m_Command: {fileID: 0}
    m_Localize: 0
    m_DataVal: 0
  m_IndentLevel: 0
  m_CommandIndex: 7
  m_DialogUI:
    m_VariableDataType: 0
    m_Variable: {fileID: 0}
    m_Command: {fileID: 0}
    m_Localize: 0
    m_DataVal: {fileID: 11485868, guid: e4076b1a1992934448f84c7b37badd14, type: 2}
  m_Character:
    m_VariableDataType: 0
    m_Variable: {fileID: 0}
    m_Command: {fileID: 0}
    m_Localize: 0
    m_DataVal: {fileID: 11429960, guid: b0a6c7f458fc7644b8423140606c2a69, type: 2}
  m_CharacterName:
    m_VariableDataType: 0
    m_Variable: {fileID: 0}
    m_Command: {fileID: 0}
    m_Localize: 1
    m_DataVal: 
  m_Text:
    m_VariableDataType: 0
    m_Variable: {fileID: 0}
    m_Command: {fileID: 0}
    m_Localize: 1
    m_DataVal: That'll be two pounds fifty.
  m_VoiceOver:
    m_VariableDataType: 0
    m_Variable: {fileID: 0}
    m_Command: {fileID: 0}
    m_Localize: 0
    m_DataVal: {fileID: 0}
  m_Portrait:
    m_VariableDataType: 0
    m_Variable: {fileID: 0}
    m_Command: {fileID: 0}
    m_Localize: 0
    m_DataVal: {fileID: 0}
  m_ContinuePrevious:
    m_VariableDataType: 0
    m_Variable: {fileID: 0}
    m_Command: {fileID: 0}
    m_Localize: 0
    m_DataVal: 0
  m_InstantlyAutoAdvance:
    m_VariableDataType: 0
    m_Variable: {fileID: 0}
    m_Command: {fileID: 0}
    m_Localize: 0
    m_DataVal: 0
--- !u!114 &996728558
MonoBehaviour:
  m_ObjectHideFlags: 2
  m_CorrespondingSourceObject: {fileID: 0}
  m_PrefabInternal: {fileID: 0}
  m_GameObject: {fileID: 996728537}
  m_Enabled: 1
  m_EditorHideFlags: 0
  m_Script: {fileID: 11500000, guid: 2423ebd60783d3d4b83dd187d44ce05b, type: 3}
  m_Name: 
  m_EditorClassIdentifier: 
  m_Key: 996728558_7e1f980a7eef08149ad92ac2f28ebcf2
  m_ItemId: 1001
  m_ParentBlock: {fileID: 996728565}
  m_WaitUntilFinished:
    m_VariableDataType: 0
    m_Variable: {fileID: 0}
    m_Command: {fileID: 0}
    m_Localize: 0
    m_DataVal: 0
  m_IndentLevel: 0
  m_CommandIndex: 1
  m_WorldSprite:
    m_VariableDataType: 0
    m_Variable: {fileID: 0}
    m_Command: {fileID: 0}
    m_Localize: 0
    m_DataVal: {fileID: 11411648, guid: b0a6c7f458fc7644b8423140606c2a69, type: 2}
  m_TurnToward: 0
  m_TargetDirection:
    m_VariableDataType: 0
    m_Variable: {fileID: 0}
    m_Command: {fileID: 0}
    m_Localize: 0
    m_DataVal: 2
  m_TargetPosition:
    m_VariableDataType: 0
    m_Variable: {fileID: 0}
    m_Command: {fileID: 0}
    m_Localize: 0
    m_DataVal: {x: 0, y: 0}
  m_TargetWorldSprite:
    m_VariableDataType: 0
    m_Variable: {fileID: 0}
    m_Command: {fileID: 0}
    m_Localize: 0
    m_DataVal: {fileID: 0}
  m_TargetCollider:
    m_VariableDataType: 0
    m_Variable: {fileID: 0}
    m_Command: {fileID: 0}
    m_Localize: 0
    m_DataVal: {fileID: 0}
--- !u!114 &996728559
MonoBehaviour:
  m_ObjectHideFlags: 2
  m_CorrespondingSourceObject: {fileID: 0}
  m_PrefabInternal: {fileID: 0}
  m_GameObject: {fileID: 996728537}
  m_Enabled: 1
  m_EditorHideFlags: 0
  m_Script: {fileID: 11500000, guid: 3d3d73aef2cfc4f51abf34ac00241f60, type: 3}
  m_Name: 
  m_EditorClassIdentifier: 
  m_Key: 996728559_7e1f980a7eef08149ad92ac2f28ebcf2
  m_ItemId: 16
  m_TemplateBlock: {fileID: 114945697746524978, guid: cb724ae5652224efca73b7dd61c59178,
    type: 2}
  m_NodePosition: {x: 0, y: 0}
  m_BlockName: NEW BLOCK
  m_Scope: 0
  m_Description: 
  m_Parameters: []
  m_ReturnTypeName: 
  m_EventHandler: {fileID: 0}
  m_Commands:
  - {fileID: 996728588}
  - {fileID: 996728561}
  - {fileID: 996728560}
  - {fileID: 996728586}
--- !u!114 &996728560
MonoBehaviour:
  m_ObjectHideFlags: 2
  m_CorrespondingSourceObject: {fileID: 0}
  m_PrefabInternal: {fileID: 0}
  m_GameObject: {fileID: 996728537}
  m_Enabled: 1
  m_EditorHideFlags: 0
  m_Script: {fileID: 11500000, guid: 2814910703c1c874c85ef25fa85af4be, type: 3}
  m_Name: 
  m_EditorClassIdentifier: 
  m_Key: 996728560_7e1f980a7eef08149ad92ac2f28ebcf2
  m_ItemId: 1000
  m_ParentBlock: {fileID: 996728559}
  m_WaitUntilFinished:
    m_VariableDataType: 0
    m_Variable: {fileID: 0}
    m_Command: {fileID: 0}
    m_Localize: 0
    m_DataVal: 1
  m_IndentLevel: 0
  m_CommandIndex: 2
  m_WorldSprite:
    m_VariableDataType: 0
    m_Variable: {fileID: 0}
    m_Command: {fileID: 0}
    m_Localize: 0
    m_DataVal: {fileID: 11479140, guid: 63f131f616a63164497c245cc6ea0bb3, type: 2}
  m_Animation:
    m_VariableDataType: 0
    m_Variable: {fileID: 0}
    m_Command: {fileID: 0}
    m_Localize: 0
    m_DataVal: {fileID: 11479134, guid: 63f131f616a63164497c245cc6ea0bb3, type: 2}
  m_AnimationIndex:
    m_VariableDataType: 0
    m_Variable: {fileID: 0}
    m_Command: {fileID: 0}
    m_Localize: 0
    m_DataVal: 0
  m_Frame:
    m_VariableDataType: 0
    m_Variable: {fileID: 0}
    m_Command: {fileID: 0}
    m_Localize: 0
    m_DataVal: 1
  m_Duration:
    m_VariableDataType: 0
    m_Variable: {fileID: 0}
    m_Command: {fileID: 0}
    m_Localize: 0
    m_DataVal: 0
  m_AtPreviousPosition:
    m_VariableDataType: 0
    m_Variable: {fileID: 0}
    m_Command: {fileID: 0}
    m_Localize: 0
    m_DataVal: 1
  m_Position:
    m_VariableDataType: 0
    m_Variable: {fileID: 0}
    m_Command: {fileID: 0}
    m_Localize: 0
    m_DataVal: {x: 4, y: 8}
--- !u!114 &996728561
MonoBehaviour:
  m_ObjectHideFlags: 2
  m_CorrespondingSourceObject: {fileID: 0}
  m_PrefabInternal: {fileID: 0}
  m_GameObject: {fileID: 996728537}
  m_Enabled: 1
  m_EditorHideFlags: 0
  m_Script: {fileID: 11500000, guid: 2423ebd60783d3d4b83dd187d44ce05b, type: 3}
  m_Name: 
  m_EditorClassIdentifier: 
  m_Key: 996728561_7e1f980a7eef08149ad92ac2f28ebcf2
  m_ItemId: 999
  m_ParentBlock: {fileID: 996728559}
  m_WaitUntilFinished:
    m_VariableDataType: 0
    m_Variable: {fileID: 0}
    m_Command: {fileID: 0}
    m_Localize: 0
    m_DataVal: 0
  m_IndentLevel: 0
  m_CommandIndex: 1
  m_WorldSprite:
    m_VariableDataType: 0
    m_Variable: {fileID: 0}
    m_Command: {fileID: 0}
    m_Localize: 0
    m_DataVal: {fileID: 11479140, guid: 63f131f616a63164497c245cc6ea0bb3, type: 2}
  m_TurnToward: 0
  m_TargetDirection:
    m_VariableDataType: 0
    m_Variable: {fileID: 0}
    m_Command: {fileID: 0}
    m_Localize: 0
    m_DataVal: 0
  m_TargetPosition:
    m_VariableDataType: 0
    m_Variable: {fileID: 0}
    m_Command: {fileID: 0}
    m_Localize: 0
    m_DataVal: {x: 0, y: 0}
  m_TargetWorldSprite:
    m_VariableDataType: 0
    m_Variable: {fileID: 0}
    m_Command: {fileID: 0}
    m_Localize: 0
    m_DataVal: {fileID: 0}
  m_TargetCollider:
    m_VariableDataType: 0
    m_Variable: {fileID: 0}
    m_Command: {fileID: 0}
    m_Localize: 0
    m_DataVal: {fileID: 0}
--- !u!114 &996728562
MonoBehaviour:
  m_ObjectHideFlags: 2
  m_CorrespondingSourceObject: {fileID: 0}
  m_PrefabInternal: {fileID: 0}
  m_GameObject: {fileID: 996728537}
  m_Enabled: 1
  m_EditorHideFlags: 0
  m_Script: {fileID: 11500000, guid: c4be586d3f8cedc4db615723a2feed9b, type: 3}
  m_Name: 
  m_EditorClassIdentifier: 
  m_Key: 996728562_7e1f980a7eef08149ad92ac2f28ebcf2
  m_ItemId: 998
  m_ParentBlock: {fileID: 996728539}
  m_WaitUntilFinished:
    m_VariableDataType: 0
    m_Variable: {fileID: 0}
    m_Command: {fileID: 0}
    m_Localize: 0
    m_DataVal: 1
  m_IndentLevel: 0
  m_CommandIndex: 4
  m_WorldSprite:
    m_VariableDataType: 0
    m_Variable: {fileID: 0}
    m_Command: {fileID: 0}
    m_Localize: 0
    m_DataVal: {fileID: 11479140, guid: 63f131f616a63164497c245cc6ea0bb3, type: 2}
  m_Animation:
    m_VariableDataType: 0
    m_Variable: {fileID: 0}
    m_Command: {fileID: 0}
    m_Localize: 0
    m_DataVal: {fileID: 11479134, guid: 63f131f616a63164497c245cc6ea0bb3, type: 2}
  m_AnimationIndex:
    m_VariableDataType: 0
    m_Variable: {fileID: 0}
    m_Command: {fileID: 0}
    m_Localize: 0
    m_DataVal: 0
  m_Position:
    m_VariableDataType: 0
    m_Variable: {fileID: 0}
    m_Command: {fileID: 0}
    m_Localize: 0
    m_DataVal: {x: 5, y: 3}
  m_Relative:
    m_VariableDataType: 0
    m_Variable: {fileID: 0}
    m_Command: {fileID: 0}
    m_Localize: 0
    m_DataVal: 0
  m_FaceMoveDirection:
    m_VariableDataType: 0
    m_Variable: {fileID: 0}
    m_Command: {fileID: 0}
    m_Localize: 0
    m_DataVal: 1
  m_FacingDirection:
    m_VariableDataType: 0
    m_Variable: {fileID: 0}
    m_Command: {fileID: 0}
    m_Localize: 0
    m_DataVal: 1
--- !u!114 &996728563
MonoBehaviour:
  m_ObjectHideFlags: 2
  m_CorrespondingSourceObject: {fileID: 0}
  m_PrefabInternal: {fileID: 0}
  m_GameObject: {fileID: 996728537}
  m_Enabled: 1
  m_EditorHideFlags: 0
  m_Script: {fileID: 11500000, guid: c4be586d3f8cedc4db615723a2feed9b, type: 3}
  m_Name: 
  m_EditorClassIdentifier: 
  m_Key: 996728563_7e1f980a7eef08149ad92ac2f28ebcf2
  m_ItemId: 997
  m_ParentBlock: {fileID: 996728539}
  m_WaitUntilFinished:
    m_VariableDataType: 0
    m_Variable: {fileID: 0}
    m_Command: {fileID: 0}
    m_Localize: 0
    m_DataVal: 1
  m_IndentLevel: 0
  m_CommandIndex: 3
  m_WorldSprite:
    m_VariableDataType: 0
    m_Variable: {fileID: 0}
    m_Command: {fileID: 0}
    m_Localize: 0
    m_DataVal: {fileID: 11479140, guid: 63f131f616a63164497c245cc6ea0bb3, type: 2}
  m_Animation:
    m_VariableDataType: 0
    m_Variable: {fileID: 0}
    m_Command: {fileID: 0}
    m_Localize: 0
    m_DataVal: {fileID: 11479134, guid: 63f131f616a63164497c245cc6ea0bb3, type: 2}
  m_AnimationIndex:
    m_VariableDataType: 0
    m_Variable: {fileID: 0}
    m_Command: {fileID: 0}
    m_Localize: 0
    m_DataVal: 0
  m_Position:
    m_VariableDataType: 0
    m_Variable: {fileID: 0}
    m_Command: {fileID: 0}
    m_Localize: 0
    m_DataVal: {x: 6, y: 3}
  m_Relative:
    m_VariableDataType: 0
    m_Variable: {fileID: 0}
    m_Command: {fileID: 0}
    m_Localize: 0
    m_DataVal: 0
  m_FaceMoveDirection:
    m_VariableDataType: 0
    m_Variable: {fileID: 0}
    m_Command: {fileID: 0}
    m_Localize: 0
    m_DataVal: 1
  m_FacingDirection:
    m_VariableDataType: 0
    m_Variable: {fileID: 0}
    m_Command: {fileID: 0}
    m_Localize: 0
    m_DataVal: 0
--- !u!114 &996728564
MonoBehaviour:
  m_ObjectHideFlags: 2
  m_CorrespondingSourceObject: {fileID: 0}
  m_PrefabInternal: {fileID: 0}
  m_GameObject: {fileID: 996728537}
  m_Enabled: 1
  m_EditorHideFlags: 0
  m_Script: {fileID: 11500000, guid: c4be586d3f8cedc4db615723a2feed9b, type: 3}
  m_Name: 
  m_EditorClassIdentifier: 
  m_Key: 996728564_7e1f980a7eef08149ad92ac2f28ebcf2
  m_ItemId: 996
  m_ParentBlock: {fileID: 996728539}
  m_WaitUntilFinished:
    m_VariableDataType: 0
    m_Variable: {fileID: 0}
    m_Command: {fileID: 0}
    m_Localize: 0
    m_DataVal: 1
  m_IndentLevel: 0
  m_CommandIndex: 2
  m_WorldSprite:
    m_VariableDataType: 0
    m_Variable: {fileID: 0}
    m_Command: {fileID: 0}
    m_Localize: 0
    m_DataVal: {fileID: 11479140, guid: 63f131f616a63164497c245cc6ea0bb3, type: 2}
  m_Animation:
    m_VariableDataType: 0
    m_Variable: {fileID: 0}
    m_Command: {fileID: 0}
    m_Localize: 0
    m_DataVal: {fileID: 11479134, guid: 63f131f616a63164497c245cc6ea0bb3, type: 2}
  m_AnimationIndex:
    m_VariableDataType: 0
    m_Variable: {fileID: 0}
    m_Command: {fileID: 0}
    m_Localize: 0
    m_DataVal: 0
  m_Position:
    m_VariableDataType: 0
    m_Variable: {fileID: 0}
    m_Command: {fileID: 0}
    m_Localize: 0
    m_DataVal: {x: 6, y: 8}
  m_Relative:
    m_VariableDataType: 0
    m_Variable: {fileID: 0}
    m_Command: {fileID: 0}
    m_Localize: 0
    m_DataVal: 0
  m_FaceMoveDirection:
    m_VariableDataType: 0
    m_Variable: {fileID: 0}
    m_Command: {fileID: 0}
    m_Localize: 0
    m_DataVal: 1
  m_FacingDirection:
    m_VariableDataType: 0
    m_Variable: {fileID: 0}
    m_Command: {fileID: 0}
    m_Localize: 0
    m_DataVal: 2
--- !u!114 &996728565
MonoBehaviour:
  m_ObjectHideFlags: 2
  m_CorrespondingSourceObject: {fileID: 0}
  m_PrefabInternal: {fileID: 0}
  m_GameObject: {fileID: 996728537}
  m_Enabled: 1
  m_EditorHideFlags: 0
  m_Script: {fileID: 11500000, guid: 3d3d73aef2cfc4f51abf34ac00241f60, type: 3}
  m_Name: 
  m_EditorClassIdentifier: 
  m_Key: 996728565_7e1f980a7eef08149ad92ac2f28ebcf2
  m_ItemId: 32
  m_TemplateBlock: {fileID: 114245801777152862, guid: cb724ae5652224efca73b7dd61c59178,
    type: 2}
  m_NodePosition: {x: 0, y: 0}
  m_BlockName: NEW BLOCK
  m_Scope: 0
  m_Description: 
  m_Parameters: []
  m_ReturnTypeName: 
  m_EventHandler: {fileID: 0}
  m_Commands:
  - {fileID: 996728574}
  - {fileID: 996728558}
  - {fileID: 996728545}
--- !u!114 &996728574
MonoBehaviour:
  m_ObjectHideFlags: 2
  m_CorrespondingSourceObject: {fileID: 0}
  m_PrefabInternal: {fileID: 0}
  m_GameObject: {fileID: 996728537}
  m_Enabled: 1
  m_EditorHideFlags: 0
  m_Script: {fileID: 11500000, guid: ea6e8f632db87477eb750446b28d73a3, type: 3}
  m_Name: 
  m_EditorClassIdentifier: 
  m_Key: 996728574_7e1f980a7eef08149ad92ac2f28ebcf2
  m_ItemId: 965
  m_ParentBlock: {fileID: 996728565}
  m_WaitUntilFinished:
    m_VariableDataType: 0
    m_Variable: {fileID: 0}
    m_Command: {fileID: 0}
    m_Localize: 0
    m_DataVal: 0
  m_IndentLevel: 0
  m_CommandIndex: 0
  m_CommentText: Place the pixel sprites John will interact with
--- !u!114 &996728584
MonoBehaviour:
  m_ObjectHideFlags: 2
  m_CorrespondingSourceObject: {fileID: 0}
  m_PrefabInternal: {fileID: 0}
  m_GameObject: {fileID: 996728537}
  m_Enabled: 1
  m_EditorHideFlags: 0
  m_Script: {fileID: 11500000, guid: ea6e8f632db87477eb750446b28d73a3, type: 3}
  m_Name: 
  m_EditorClassIdentifier: 
  m_Key: 996728584_7e1f980a7eef08149ad92ac2f28ebcf2
  m_ItemId: 995
  m_ParentBlock: {fileID: 996728539}
  m_WaitUntilFinished:
    m_VariableDataType: 0
    m_Variable: {fileID: 0}
    m_Command: {fileID: 0}
    m_Localize: 0
    m_DataVal: 0
  m_IndentLevel: 0
  m_CommandIndex: 1
  m_CommentText: John starts on coordinate 4,8
--- !u!114 &996728585
MonoBehaviour:
  m_ObjectHideFlags: 2
  m_CorrespondingSourceObject: {fileID: 0}
  m_PrefabInternal: {fileID: 0}
  m_GameObject: {fileID: 996728537}
  m_Enabled: 1
  m_EditorHideFlags: 0
  m_Script: {fileID: 11500000, guid: 4448e218cad9f094eb9e7201345cdd4b, type: 3}
  m_Name: 
  m_EditorClassIdentifier: 
  m_Key: 996728585_7e1f980a7eef08149ad92ac2f28ebcf2
  m_ItemId: 994
  m_ParentBlock: {fileID: 996728539}
  m_WaitUntilFinished:
    m_VariableDataType: 0
    m_Variable: {fileID: 0}
    m_Command: {fileID: 0}
    m_Localize: 0
    m_DataVal: 1
  m_IndentLevel: 0
  m_CommandIndex: 0
  m_MainCamera:
    m_VariableDataType: 0
    m_Variable: {fileID: 0}
    m_Command: {fileID: 0}
    m_Localize: 0
    m_DataVal: 1
  m_Camera:
    m_VariableDataType: 0
    m_Variable: {fileID: 0}
    m_Command: {fileID: 0}
    m_Localize: 0
    m_DataVal: {fileID: 0}
  m_Duration:
    m_VariableDataType: 0
    m_Variable: {fileID: 0}
    m_Command: {fileID: 0}
    m_Localize: 0
    m_DataVal: 1
  m_Ease:
    m_VariableDataType: 0
    m_Variable: {fileID: 0}
    m_Command: {fileID: 0}
    m_Localize: 0
    m_DataVal: 7
  m_TargetObject:
    m_VariableDataType: 0
    m_Variable: {fileID: 0}
    m_Command: {fileID: 0}
    m_Localize: 0
    m_DataVal: {fileID: 179140, guid: 63f131f616a63164497c245cc6ea0bb3, type: 2}
--- !u!114 &996728586
MonoBehaviour:
  m_ObjectHideFlags: 2
  m_CorrespondingSourceObject: {fileID: 0}
  m_PrefabInternal: {fileID: 0}
  m_GameObject: {fileID: 996728537}
  m_Enabled: 1
  m_EditorHideFlags: 0
  m_Script: {fileID: 11500000, guid: 45c952ea1ad444e479b570fa242679c5, type: 3}
  m_Name: 
  m_EditorClassIdentifier: 
  m_Key: 996728586_7e1f980a7eef08149ad92ac2f28ebcf2
  m_ItemId: 992
  m_ParentBlock: {fileID: 996728559}
  m_WaitUntilFinished:
    m_VariableDataType: 0
    m_Variable: {fileID: 0}
    m_Command: {fileID: 0}
    m_Localize: 0
    m_DataVal: 1
  m_IndentLevel: 0
  m_CommandIndex: 3
  m_MainCamera:
    m_VariableDataType: 0
    m_Variable: {fileID: 0}
    m_Command: {fileID: 0}
    m_Localize: 0
    m_DataVal: 1
  m_Camera:
    m_VariableDataType: 0
    m_Variable: {fileID: 0}
    m_Command: {fileID: 0}
    m_Localize: 0
    m_DataVal: {fileID: 0}
  m_Duration:
    m_VariableDataType: 0
    m_Variable: {fileID: 0}
    m_Command: {fileID: 0}
    m_Localize: 0
    m_DataVal: 1
  m_Ease:
    m_VariableDataType: 0
    m_Variable: {fileID: 0}
    m_Command: {fileID: 0}
    m_Localize: 0
    m_DataVal: 7
  m_CameraTarget: 0
  m_TargetView:
    m_VariableDataType: 0
    m_Variable: {fileID: 0}
    m_Command: {fileID: 0}
    m_Localize: 0
    m_DataVal: {fileID: 0}
  m_TargetPosition:
    m_VariableDataType: 0
    m_Variable: {fileID: 0}
    m_Command: {fileID: 0}
    m_Localize: 0
    m_DataVal: {x: 4, y: 6, z: 0}
  m_TargetObject:
    m_VariableDataType: 0
    m_Variable: {fileID: 0}
    m_Command: {fileID: 0}
    m_Localize: 0
    m_DataVal: {fileID: 0}
--- !u!114 &996728588
MonoBehaviour:
  m_ObjectHideFlags: 2
  m_CorrespondingSourceObject: {fileID: 0}
  m_PrefabInternal: {fileID: 0}
  m_GameObject: {fileID: 996728537}
  m_Enabled: 1
  m_EditorHideFlags: 0
  m_Script: {fileID: 11500000, guid: ea6e8f632db87477eb750446b28d73a3, type: 3}
  m_Name: 
  m_EditorClassIdentifier: 
  m_Key: 996728588_7e1f980a7eef08149ad92ac2f28ebcf2
  m_ItemId: 990
  m_ParentBlock: {fileID: 996728559}
  m_WaitUntilFinished:
    m_VariableDataType: 0
    m_Variable: {fileID: 0}
    m_Command: {fileID: 0}
    m_Localize: 0
    m_DataVal: 0
  m_IndentLevel: 0
  m_CommandIndex: 0
  m_CommentText: Face John in the direction of the other characters, and move the
    camera so John and the other characters can be seen
